<?xml version="1.0" encoding="UTF-8"?>
<!DOCTYPE html PUBLIC "-//W3C//DTD XHTML 1.0 Transitional//EN"
    "http://www.w3.org/TR/xhtml1/DTD/xhtml1-transitional.dtd">
<html xmlns="http://www.w3.org/1999/xhtml" xml:lang="en" lang="en">
 <head>
  <title>
</title>
<meta http-equiv="Content-Type" content="text/html;charset=utf-8" />
  <meta name='ocr-system' content='tesseract 3.04.00' />
  <meta name='ocr-capabilities' content='ocr_page ocr_carea ocr_par ocr_line ocrx_word'/>
</head>
<body>
  <div class='ocr_page' id='page_1' title='image "./ioanniscalvinio11unkngoog/ioanniscalvinio11unkngoog_0117.png"; bbox 0 0 4842 6175; ppageno 0'>
   <div class='ocr_carea' id='block_1_1' title="bbox 212 424 318 492">
    <p class='ocr_par' dir='ltr' id='par_1_1' title="bbox 212 424 318 492">
     <span class='ocr_line' id='line_1_1' title="bbox 212 424 318 492; baseline 0 0"><span class='ocrx_word' id='word_1_1' title='bbox 212 424 318 492; x_wconf 76' lang='grc'><strong>205</strong></span> 
     </span>
    </p>
   </div>
   <div class='ocr_carea' id='block_1_2' title="bbox 212 609 710 696">
    <p class='ocr_par' dir='ltr' id='par_1_2' title="bbox 212 609 710 696">
     <span class='ocr_line' id='line_1_2' title="bbox 212 609 710 696; baseline -0.004 -17"><span class='ocrx_word' id='word_1_2' title='bbox 212 609 710 696; x_wconf 77' lang='lat' dir='ltr'><strong>Polycarpus</strong></span> 
     </span>
    </p>
   </div>
   <div class='ocr_carea' id='block_1_3' title="bbox 283 743 2135 919">
    <p class='ocr_par' dir='ltr' id='par_1_3' title="bbox 283 743 2135 919">
     <span class='ocr_line' id='line_1_3' title="bbox 283 743 2135 850; baseline -0.004 -35"><span class='ocrx_word' id='word_1_3' title='bbox 283 751 440 834; x_wconf 81' lang='lat' dir='ltr'><strong>tyris</strong></span> <span class='ocrx_word' id='word_1_4' title='bbox 496 750 871 816; x_wconf 88' lang='lat' dir='ltr'><strong>constantia</strong></span> <span class='ocrx_word' id='word_1_5' title='bbox 915 749 976 850; x_wconf 80' lang='lat'><strong>6,</strong></span> <span class='ocrx_word' id='word_1_6' title='bbox 996 749 1168 849; x_wconf 89' lang='grc'>644.</span> <span class='ocrx_word' id='word_1_7' title='bbox 1256 747 1381 829; x_wconf 87' lang='lat' dir='ltr'><strong>Ep.</strong></span> <span class='ocrx_word' id='word_1_8' title='bbox 1428 746 1512 812; x_wconf 88' lang='lat' dir='ltr'><strong>ad</strong></span> <span class='ocrx_word' id='word_1_9' title='bbox 1568 745 2029 829; x_wconf 77' lang='lat' dir='ltr'><strong>Philippenses</strong></span> <span class='ocrx_word' id='word_1_10' title='bbox 2072 743 2135 826; x_wconf 91' lang='lat'><strong>8,</strong></span> 
     </span>
     <span class='ocr_line' id='line_1_4' title="bbox 284 833 1402 919; baseline -0.004 -17"><span class='ocrx_word' id='word_1_11' title='bbox 284 837 414 903; x_wconf 89' lang='lat'>683.</span> <span class='ocrx_word' id='word_1_12' title='bbox 462 835 608 904; x_wconf 90' lang='grc'>746.</span> <span class='ocrx_word' id='word_1_13' title='bbox 698 841 1110 919; x_wconf 73' lang='lat' dir='ltr'><strong>supposititia</strong></span> <span class='ocrx_word' id='word_1_14' title='bbox 1154 835 1214 914; x_wconf 90' lang='lat'><strong>8,</strong></span> <span class='ocrx_word' id='word_1_15' title='bbox 1259 833 1402 899; x_wconf 93' lang='grc'>747.</span> 
     </span>
    </p>
   </div>
   <div class='ocr_carea' id='block_1_4' title="bbox 212 966 2138 1229">
    <p class='ocr_par' dir='ltr' id='par_1_4' title="bbox 212 966 2138 1229">
     <span class='ocr_line' id='line_1_5' title="bbox 212 966 2136 1058; baseline -0.005 -18"><span class='ocrx_word' id='word_1_16' title='bbox 212 974 678 1058; x_wconf 76' lang='lat' dir='ltr'><strong>Polygamia</strong></span> <span class='ocrx_word' id='word_1_17' title='bbox 721 984 982 1058; x_wconf 88' lang='lat' dir='ltr'><strong>patrum</strong></span> <span class='ocrx_word' id='word_1_18' title='bbox 1030 971 1417 1057; x_wconf 80' lang='lat' dir='ltr'>mysterium</span> <span class='ocrx_word' id='word_1_19' title='bbox 1459 970 1520 1053; x_wconf 82' lang='lat'><strong>7,</strong></span> <span class='ocrx_word' id='word_1_20' title='bbox 1556 969 1703 1034; x_wconf 82' lang='lat'><strong>572.</strong></span> <span class='ocrx_word' id='word_1_21' title='bbox 1788 967 1942 1051; x_wconf 81' lang='lat' dir='ltr'><strong>lob,</strong></span> <span class='ocrx_word' id='word_1_22' title='bbox 1988 966 2136 1032; x_wconf 89' lang='grc'>258.</span> 
     </span>
     <span class='ocr_line' id='line_1_6' title="bbox 284 1053 2138 1229; baseline -0.004 -105"><span class='ocrx_word' id='word_1_23' title='bbox 284 1058 843 1229; x_wconf 49' lang='grc' dir='ltr'><strong>ῗξὴζὶὲἓξῖιρὼὼ</strong></span> <span class='ocrx_word' id='word_1_24' title='bbox 902 1056 1355 1123; x_wconf 87' lang='lat' dir='ltr'><strong>commendata</strong></span> <span class='ocrx_word' id='word_1_25' title='bbox 1402 1057 1460 1141; x_wconf 88' lang='grc'><strong>7,</strong></span> <span class='ocrx_word' id='word_1_26' title='bbox 1509 1054 1653 1121; x_wconf 87' lang='grc'>103.</span> <span class='ocrx_word' id='word_1_27' title='bbox 1786 1053 2138 1120; x_wconf 73' lang='lat' dir='ltr'><strong>discutitur</strong></span> 
     </span>
    </p>
   </div>
   <div class='ocr_carea' id='block_1_5' title="bbox 216 1275 2138 1622">
    <p class='ocr_par' dir='ltr' id='par_1_5' title="bbox 216 1275 2138 1622">
     <span class='ocr_line' id='line_1_7' title="bbox 216 1275 2138 1363; baseline -0.004 -15"><span class='ocrx_word' id='word_1_28' title='bbox 216 1282 595 1350; x_wconf 81' lang='lat' dir='ltr'><strong>Pontifex</strong></span> <span class='ocrx_word' id='word_1_29' title='bbox 638 1302 952 1347; x_wconf 89' lang='lat' dir='ltr'><strong>romanus</strong></span> <span class='ocrx_word' id='word_1_30' title='bbox 997 1304 1058 1347; x_wconf 83' lang='lat' dir='ltr'><strong>v.</strong></span> <span class='ocrx_word' id='word_1_31' title='bbox 1104 1281 1345 1363; x_wconf 89' lang='lat' dir='ltr'><strong>Papa.</strong></span> <span class='ocrx_word' id='word_1_32' title='bbox 1441 1278 1841 1344; x_wconf 84' lang='lat' dir='ltr'><strong>Pontificum</strong></span> <span class='ocrx_word' id='word_1_33' title='bbox 1894 1275 2138 1341; x_wconf 85' lang='lat' dir='ltr'><strong>atheis-</strong></span> 
     </span>
     <span class='ocr_line' id='line_1_8' title="bbox 288 1361 2136 1453; baseline -0.004 -20"><span class='ocrx_word' id='word_1_34' title='bbox 288 1390 422 1434; x_wconf 87' lang='lat' dir='ltr'><strong>mus</strong></span> <span class='ocrx_word' id='word_1_35' title='bbox 475 1370 535 1453; x_wconf 92' lang='lat'>1,</span> <span class='ocrx_word' id='word_1_36' title='bbox 603 1368 748 1434; x_wconf 86' lang='lat'><strong>625.</strong></span> <span class='ocrx_word' id='word_1_37' title='bbox 880 1387 1096 1433; x_wconf 89' lang='lat' dir='ltr'><strong>mores</strong></span> <span class='ocrx_word' id='word_1_38' title='bbox 1165 1367 1223 1449; x_wconf 91' lang='lat'>1,</span> <span class='ocrx_word' id='word_1_39' title='bbox 1289 1366 1434 1431; x_wconf 89' lang='grc'>627.</span> <span class='ocrx_word' id='word_1_40' title='bbox 1565 1363 1796 1430; x_wconf 89' lang='lat' dir='ltr'><strong>electio</strong></span> <span class='ocrx_word' id='word_1_41' title='bbox 1865 1362 1924 1445; x_wconf 83' lang='lat'><strong>7,</strong></span> <span class='ocrx_word' id='word_1_42' title='bbox 1991 1361 2136 1427; x_wconf 86' lang='lat'>634.</span> 
     </span>
     <span class='ocr_line' id='line_1_9' title="bbox 285 1447 2136 1539; baseline -0.004 -18"><span class='ocrx_word' id='word_1_43' title='bbox 285 1468 558 1539; x_wconf 81' lang='lat' dir='ltr'><strong>potestas</strong></span> <span class='ocrx_word' id='word_1_44' title='bbox 602 1455 778 1519; x_wconf 90' lang='lat' dir='ltr'><strong>unde</strong></span> <span class='ocrx_word' id='word_1_45' title='bbox 823 1453 1058 1519; x_wconf 84' lang='lat' dir='ltr'><strong>aucta?</strong></span> <span class='ocrx_word' id='word_1_46' title='bbox 1111 1454 1169 1537; x_wconf 90' lang='lat'>1,</span> <span class='ocrx_word' id='word_1_47' title='bbox 1193 1450 1320 1518; x_wconf 85' lang='lat'><strong>653</strong></span> <span class='ocrx_word' id='word_1_48' title='bbox 1342 1474 1434 1535; x_wconf 89' lang='lat' dir='ltr'><strong>sq.</strong></span> <span class='ocrx_word' id='word_1_49' title='bbox 1525 1451 1848 1535; x_wconf 78' lang='lat' dir='ltr'><strong>primatus</strong></span> <span class='ocrx_word' id='word_1_50' title='bbox 1890 1449 1952 1534; x_wconf 83' lang='lat'><strong>5,</strong></span> <span class='ocrx_word' id='word_1_51' title='bbox 1989 1447 2136 1514; x_wconf 87' lang='grc'>547.</span> 
     </span>
     <span class='ocr_line' id='line_1_10' title="bbox 289 1536 1489 1622; baseline -0.003 -16"><span class='ocrx_word' id='word_1_52' title='bbox 289 1563 362 1607; x_wconf 85' lang='lat' dir='ltr'><strong>ex</strong></span> <span class='ocrx_word' id='word_1_53' title='bbox 401 1541 869 1606; x_wconf 88' lang='lat' dir='ltr'><strong>constitutione</strong></span> <span class='ocrx_word' id='word_1_54' title='bbox 912 1539 1192 1605; x_wconf 84' lang='lat' dir='ltr'><strong>Interim</strong></span> <span class='ocrx_word' id='word_1_55' title='bbox 1238 1540 1297 1622; x_wconf 93' lang='grc'><strong>7,</strong></span> <span class='ocrx_word' id='word_1_56' title='bbox 1343 1536 1489 1603; x_wconf 88' lang='grc'>564.</span> 
     </span>
    </p>
   </div>
   <div class='ocr_carea' id='block_1_6' title="bbox 225 1670 2137 1831">
    <p class='ocr_par' dir='ltr' id='par_1_6' title="bbox 225 1670 2137 1831">
     <span class='ocr_line' id='line_1_11' title="bbox 225 1670 2137 1831; baseline -0.004 -88"><span class='ocrx_word' id='word_1_57' title='bbox 225 1678 649 1831; x_wconf 49' lang='grc' dir='ltr'>-4ἓῃιίίίοἱί</span> <span class='ocrx_word' id='word_1_58' title='bbox 694 1696 1035 1744; x_wconf 86' lang='lat' dir='ltr'><strong>caesareae</strong></span> <span class='ocrx_word' id='word_1_59' title='bbox 1101 1675 1475 1743; x_wconf 78' lang='lat' dir='ltr'><strong>autoritatis</strong></span> <span class='ocrx_word' id='word_1_60' title='bbox 1542 1674 2010 1740; x_wconf 74' lang='lat' dir='ltr'><strong>detrectatores</strong></span> <span class='ocrx_word' id='word_1_61' title='bbox 2074 1670 2137 1755; x_wconf 89' lang='grc'>5,</span> 
     </span>
    </p>
   </div>
   <div class='ocr_carea' id='block_1_7' title="bbox 218 1898 1856 2121">
    <p class='ocr_par' dir='ltr' id='par_1_7' title="bbox 218 1898 1856 2121">
     <span class='ocr_line' id='line_1_12' title="bbox 219 1898 1380 1986; baseline -0.004 -18"><span class='ocrx_word' id='word_1_62' title='bbox 219 1901 569 1986; x_wconf 88' lang='lat' dir='ltr'><strong>Populus</strong></span> <span class='ocrx_word' id='word_1_63' title='bbox 612 1901 739 1967; x_wconf 91' lang='lat' dir='ltr'><strong>Dei</strong></span> <span class='ocrx_word' id='word_1_64' title='bbox 788 1900 847 1985; x_wconf 94' lang='lat'>1,</span> <span class='ocrx_word' id='word_1_65' title='bbox 893 1900 1039 1967; x_wconf 90' lang='grc'>826.</span> <span class='ocrx_word' id='word_1_66' title='bbox 1128 1898 1190 1984; x_wconf 92' lang='grc'><strong>2,</strong></span> <span class='ocrx_word' id='word_1_67' title='bbox 1234 1898 1380 1964; x_wconf 91' lang='grc'>337.</span> 
     </span>
     <span class='ocr_line' id='line_1_13' title="bbox 218 2033 1856 2121; baseline -0.007 -12"><span class='ocrx_word' id='word_1_68' title='bbox 218 2039 748 2109; x_wconf 90' lang='lat' dir='ltr'><strong>Postillarum</strong></span> <span class='ocrx_word' id='word_1_69' title='bbox 794 2058 958 2104; x_wconf 90' lang='lat' dir='ltr'><strong>usus</strong></span> <span class='ocrx_word' id='word_1_70' title='bbox 1001 2035 1172 2121; x_wconf 90' lang='lat' dir='ltr'><strong>apud</strong></span> <span class='ocrx_word' id='word_1_71' title='bbox 1218 2034 1558 2119; x_wconf 88' lang='lat' dir='ltr'><strong>imperitos</strong></span> <span class='ocrx_word' id='word_1_72' title='bbox 1601 2033 1666 2118; x_wconf 88' lang='grc'><strong>9,</strong></span> <span class='ocrx_word' id='word_1_73' title='bbox 1713 2033 1856 2099; x_wconf 89' lang='grc'>104.</span> 
     </span>
    </p>
   </div>
   <div class='ocr_carea' id='block_1_8' title="bbox 219 2169 2140 2431">
    <p class='ocr_par' dir='ltr' id='par_1_8' title="bbox 219 2169 2140 2431">
     <span class='ocr_line' id='line_1_14' title="bbox 219 2169 2140 2256; baseline -0.003 -14"><span class='ocrx_word' id='word_1_74' title='bbox 219 2175 594 2242; x_wconf 82' lang='lat' dir='ltr'><strong>Potentia</strong></span> <span class='ocrx_word' id='word_1_75' title='bbox 634 2174 765 2240; x_wconf 93' lang='lat' dir='ltr'><strong>Dei</strong></span> <span class='ocrx_word' id='word_1_76' title='bbox 808 2195 942 2239; x_wconf 91' lang='lat' dir='ltr'><strong>non</strong></span> <span class='ocrx_word' id='word_1_77' title='bbox 988 2173 1284 2240; x_wconf 87' lang='lat' dir='ltr'><strong>absoluta</strong></span> <span class='ocrx_word' id='word_1_78' title='bbox 1327 2172 1388 2256; x_wconf 94' lang='grc'><strong>2,</strong></span> <span class='ocrx_word' id='word_1_79' title='bbox 1437 2172 1581 2237; x_wconf 90' lang='grc'>700.</span> <span class='ocrx_word' id='word_1_80' title='bbox 1681 2169 2140 2254; x_wconf 86' lang='lat' dir='ltr'><strong>inseparabilis</strong></span> 
     </span>
     <span class='ocr_line' id='line_1_15' title="bbox 288 2256 2136 2345; baseline -0.003 -18"><span class='ocrx_word' id='word_1_81' title='bbox 288 2281 324 2326; x_wconf 90' lang='lat' dir='ltr'><strong>a</strong></span> <span class='ocrx_word' id='word_1_82' title='bbox 362 2263 613 2328; x_wconf 89' lang='lat' dir='ltr'><strong>iustitia</strong></span> <span class='ocrx_word' id='word_1_83' title='bbox 679 2261 739 2345; x_wconf 87' lang='grc'><strong>8,</strong></span> <span class='ocrx_word' id='word_1_84' title='bbox 784 2261 929 2326; x_wconf 88' lang='grc'>361.</span> <span class='ocrx_word' id='word_1_85' title='bbox 1061 2260 1204 2326; x_wconf 89' lang='lat' dir='ltr'><strong>eius</strong></span> <span class='ocrx_word' id='word_1_86' title='bbox 1248 2257 1333 2327; x_wconf 87' lang='lat' dir='ltr'><strong>ad</strong></span> <span class='ocrx_word' id='word_1_87' title='bbox 1396 2256 1778 2342; x_wconf 87' lang='lat' dir='ltr'><strong>patientiam</strong></span> <span class='ocrx_word' id='word_1_88' title='bbox 1843 2257 2010 2321; x_wconf 89' lang='lat' dir='ltr'><strong>ratio</strong></span> <span class='ocrx_word' id='word_1_89' title='bbox 2076 2256 2136 2338; x_wconf 88' lang='grc'><strong>9,</strong></span> 
     </span>
     <span class='ocr_line' id='line_1_16' title="bbox 290 2342 2042 2431; baseline -0.005 -17"><span class='ocrx_word' id='word_1_90' title='bbox 290 2348 422 2414; x_wconf 85' lang='grc'>307.</span> <span class='ocrx_word' id='word_1_91' title='bbox 512 2348 753 2414; x_wconf 89' lang='lat' dir='ltr'><strong>donum</strong></span> <span class='ocrx_word' id='word_1_92' title='bbox 798 2347 1066 2431; x_wconf 85' lang='lat' dir='ltr'><strong>spiritus</strong></span> <span class='ocrx_word' id='word_1_93' title='bbox 1110 2354 1337 2425; x_wconf 77' lang='lat' dir='ltr'><strong>contra</strong></span> <span class='ocrx_word' id='word_1_94' title='bbox 1381 2344 1745 2411; x_wconf 86' lang='lat' dir='ltr'><strong>haereticos</strong></span> <span class='ocrx_word' id='word_1_95' title='bbox 1788 2342 1850 2427; x_wconf 89' lang='lat'><strong>8,</strong></span> <span class='ocrx_word' id='word_1_96' title='bbox 1894 2342 2042 2407; x_wconf 88' lang='grc'>471.</span> 
     </span>
    </p>
   </div>
   <div class='ocr_carea' id='block_1_9' title="bbox 220 2495 2138 2845">
    <p class='ocr_par' dir='ltr' id='par_1_9' title="bbox 220 2495 2138 2845">
     <span class='ocr_line' id='line_1_17' title="bbox 220 2495 2134 2581; baseline -0.004 -12"><span class='ocrx_word' id='word_1_97' title='bbox 220 2502 587 2569; x_wconf 89' lang='lat' dir='ltr'><strong>Potestas</strong></span> <span class='ocrx_word' id='word_1_98' title='bbox 648 2501 933 2567; x_wconf 87' lang='lat' dir='ltr'><strong>clavium</strong></span> <span class='ocrx_word' id='word_1_99' title='bbox 991 2522 1052 2565; x_wconf 83' lang='lat' dir='ltr'><strong>v.</strong></span> <span class='ocrx_word' id='word_1_100' title='bbox 1110 2500 1430 2564; x_wconf 89' lang='lat' dir='ltr'><strong>Claves.</strong></span> <span class='ocrx_word' id='word_1_101' title='bbox 1562 2497 1811 2564; x_wconf 79' lang='lat' dir='ltr'><strong>ordinis</strong></span> <span class='ocrx_word' id='word_1_102' title='bbox 1868 2495 1930 2581; x_wconf 88' lang='grc'>5,</span> <span class='ocrx_word' id='word_1_103' title='bbox 1988 2495 2134 2562; x_wconf 90' lang='grc'>539.</span> 
     </span>
     <span class='ocr_line' id='line_1_18' title="bbox 290 2582 2137 2670; baseline -0.004 -17"><span class='ocrx_word' id='word_1_104' title='bbox 290 2589 625 2655; x_wconf 77' lang='lat' dir='ltr'><strong>saequaris</strong></span> <span class='ocrx_word' id='word_1_105' title='bbox 689 2587 1138 2670; x_wconf 89' lang='lat' dir='ltr'><strong>episcoporum</strong></span> <span class='ocrx_word' id='word_1_106' title='bbox 1213 2585 1274 2669; x_wconf 88' lang='grc'>5,</span> <span class='ocrx_word' id='word_1_107' title='bbox 1320 2582 1465 2649; x_wconf 88' lang='grc'>595.</span> <span class='ocrx_word' id='word_1_108' title='bbox 1592 2583 2031 2651; x_wconf 89' lang='lat' dir='ltr'><strong>ecclesiastica</strong></span> <span class='ocrx_word' id='word_1_109' title='bbox 2077 2583 2137 2665; x_wconf 85' lang='lat'>1,</span> 
     </span>
     <span class='ocr_line' id='line_1_19' title="bbox 289 2668 2138 2827; baseline -0.004 -87"><span class='ocrx_word' id='word_1_110' title='bbox 289 2674 539 2827; x_wconf 53' lang='lat'>{04233</span> <span class='ocrx_word' id='word_1_111' title='bbox 584 2673 710 2740; x_wconf 88' lang='grc'><strong>628</strong></span> <span class='ocrx_word' id='word_1_112' title='bbox 755 2693 839 2739; x_wconf 84' lang='grc'><strong>66.</strong></span> <span class='ocrx_word' id='word_1_113' title='bbox 889 2672 1057 2738; x_wconf 89' lang='grc'>1039</span> <span class='ocrx_word' id='word_1_114' title='bbox 1101 2694 1184 2739; x_wconf 89' lang='grc'><strong>66.</strong></span> <span class='ocrx_word' id='word_1_115' title='bbox 1315 2671 1377 2754; x_wconf 95' lang='grc'><strong>2,</strong></span> <span class='ocrx_word' id='word_1_116' title='bbox 1423 2671 1568 2737; x_wconf 91' lang='grc'>846.</span> <span class='ocrx_word' id='word_1_117' title='bbox 1681 2690 1721 2734; x_wconf 91' lang='lat' dir='ltr'><strong>a</strong></span> <span class='ocrx_word' id='word_1_118' title='bbox 1763 2671 1962 2736; x_wconf 88' lang='lat' dir='ltr'><strong>verbo</strong></span> <span class='ocrx_word' id='word_1_119' title='bbox 2007 2668 2138 2734; x_wconf 92' lang='lat' dir='ltr'><strong>Dei</strong></span> 
     </span>
     <span class='ocr_line' id='line_1_20' title="bbox 330 2811 529 2845; baseline -0.005 -18"><span class='ocrx_word' id='word_1_120' title='bbox 330 2811 345 2845; x_wconf 97' lang='lat'>,</span> <span class='ocrx_word' id='word_1_121' title='bbox 515 2811 529 2826; x_wconf 94' lang='lat'><strong>.</strong></span> 
     </span>
    </p>
   </div>
   <div class='ocr_carea' id='block_1_10' title="bbox 220 2894 1034 2980">
    <p class='ocr_par' dir='ltr' id='par_1_10' title="bbox 220 2894 1034 2980">
     <span class='ocr_line' id='line_1_21' title="bbox 220 2894 1034 2980; baseline -0.002 -18"><span class='ocrx_word' id='word_1_122' title='bbox 220 2895 738 2963; x_wconf 88' lang='lat' dir='ltr'><strong>Praebendae</strong></span> <span class='ocrx_word' id='word_1_123' title='bbox 782 2895 843 2980; x_wconf 88' lang='grc'>5,</span> <span class='ocrx_word' id='word_1_124' title='bbox 889 2894 1034 2961; x_wconf 89' lang='grc'>299.</span> 
     </span>
    </p>
   </div>
   <div class='ocr_carea' id='block_1_11' title="bbox 220 3030 1515 3207">
    <p class='ocr_par' dir='ltr' id='par_1_11' title="bbox 220 3030 1515 3207">
     <span class='ocr_line' id='line_1_22' title="bbox 220 3030 1515 3118; baseline -0.002 -16"><span class='ocrx_word' id='word_1_125' title='bbox 220 3033 747 3118; x_wconf 72' lang='lat' dir='ltr'><strong>Praeceptum</strong></span> <span class='ocrx_word' id='word_1_126' title='bbox 828 3053 1159 3101; x_wconf 86' lang='lat' dir='ltr'><strong>summum</strong></span> <span class='ocrx_word' id='word_1_127' title='bbox 1240 3032 1302 3116; x_wconf 93' lang='grc'><strong>9,</strong></span> <span class='ocrx_word' id='word_1_128' title='bbox 1367 3030 1515 3099; x_wconf 90' lang='grc'>587.</span> 
     </span>
     <span class='ocr_line' id='line_1_23' title="bbox 289 3121 774 3207; baseline 0 -21"><span class='ocrx_word' id='word_1_129' title='bbox 289 3121 774 3207; x_wconf 82' lang='lat' dir='ltr'><strong>Decalogus.</strong></span> 
     </span>
    </p>
   </div>
   <div class='ocr_carea' id='block_1_12' title="bbox 221 3252 2141 3944">
    <p class='ocr_par' dir='ltr' id='par_1_12' title="bbox 221 3252 2141 3944">
     <span class='ocr_line' id='line_1_24' title="bbox 221 3252 2136 3342; baseline -0.004 -17"><span class='ocrx_word' id='word_1_130' title='bbox 221 3257 886 3325; x_wconf 84' lang='lat' dir='ltr'><strong>Praedestinatio</strong></span> <span class='ocrx_word' id='word_1_131' title='bbox 927 3258 984 3342; x_wconf 92' lang='grc'><strong>1,</strong></span> <span class='ocrx_word' id='word_1_132' title='bbox 1022 3257 1144 3323; x_wconf 88' lang='grc'><strong>861</strong></span> <span class='ocrx_word' id='word_1_133' title='bbox 1182 3278 1267 3323; x_wconf 90' lang='grc'><strong>66.</strong></span> <span class='ocrx_word' id='word_1_134' title='bbox 1354 3256 1416 3338; x_wconf 91' lang='grc'><strong>2,</strong></span> <span class='ocrx_word' id='word_1_135' title='bbox 1454 3255 1580 3321; x_wconf 91' lang='grc'><strong>678</strong></span> <span class='ocrx_word' id='word_1_136' title='bbox 1616 3275 1700 3320; x_wconf 86' lang='grc'><strong>66.</strong></span> <span class='ocrx_word' id='word_1_137' title='bbox 1790 3255 1853 3337; x_wconf 90' lang='grc'><strong>5,</strong></span> <span class='ocrx_word' id='word_1_138' title='bbox 1888 3252 2017 3319; x_wconf 89' lang='grc'><strong>332</strong></span> <span class='ocrx_word' id='word_1_139' title='bbox 2051 3274 2136 3319; x_wconf 87' lang='grc'><strong>66.</strong></span> 
     </span>
     <span class='ocr_line' id='line_1_25' title="bbox 297 3339 2138 3428; baseline -0.005 -17"><span class='ocrx_word' id='word_1_140' title='bbox 297 3345 350 3428; x_wconf 89' lang='grc'>8,</span> <span class='ocrx_word' id='word_1_141' title='bbox 401 3345 482 3411; x_wconf 88' lang='grc'><strong>93</strong></span> <span class='ocrx_word' id='word_1_142' title='bbox 516 3366 602 3411; x_wconf 85' lang='grc'><strong>66.</strong></span> <span class='ocrx_word' id='word_1_143' title='bbox 666 3344 791 3411; x_wconf 88' lang='grc'>257</span> <span class='ocrx_word' id='word_1_144' title='bbox 838 3366 923 3410; x_wconf 92' lang='grc'><strong>66.</strong></span> <span class='ocrx_word' id='word_1_145' title='bbox 1055 3343 1117 3427; x_wconf 90' lang='lat'><strong>9,</strong></span> <span class='ocrx_word' id='word_1_146' title='bbox 1164 3343 1306 3408; x_wconf 90' lang='grc'>716.</span> <span class='ocrx_word' id='word_1_147' title='bbox 1371 3342 1514 3407; x_wconf 86' lang='grc'>725.</span> <span class='ocrx_word' id='word_1_148' title='bbox 1565 3341 1707 3406; x_wconf 90' lang='grc'>744.</span> <span class='ocrx_word' id='word_1_149' title='bbox 1756 3340 1899 3406; x_wconf 91' lang='grc'>756.</span> <span class='ocrx_word' id='word_1_150' title='bbox 2035 3339 2138 3422; x_wconf 91' lang='grc'><strong>11,</strong></span> 
     </span>
     <span class='ocr_line' id='line_1_26' title="bbox 297 3424 2141 3514; baseline -0.004 -17"><span class='ocrx_word' id='word_1_151' title='bbox 297 3430 426 3497; x_wconf 89' lang='grc'>542.</span> <span class='ocrx_word' id='word_1_152' title='bbox 555 3431 637 3497; x_wconf 89' lang='lat' dir='ltr'><strong>ab</strong></span> <span class='ocrx_word' id='word_1_153' title='bbox 701 3433 841 3514; x_wconf 88' lang='lat' dir='ltr'><strong>ipso</strong></span> <span class='ocrx_word' id='word_1_154' title='bbox 906 3429 1061 3495; x_wconf 90' lang='lat' dir='ltr'><strong>Iesu</strong></span> <span class='ocrx_word' id='word_1_155' title='bbox 1128 3429 1455 3495; x_wconf 87' lang='lat' dir='ltr'><strong>declarata</strong></span> <span class='ocrx_word' id='word_1_156' title='bbox 1510 3429 1571 3512; x_wconf 91' lang='grc'>2,</span> <span class='ocrx_word' id='word_1_157' title='bbox 1625 3427 1771 3493; x_wconf 94' lang='grc'>693.</span> <span class='ocrx_word' id='word_1_158' title='bbox 1903 3424 2141 3508; x_wconf 89' lang='lat' dir='ltr'><strong>quibus</strong></span> 
     </span>
     <span class='ocr_line' id='line_1_27' title="bbox 296 3512 2141 3668; baseline -0.002 -1"><span class='ocrx_word' id='word_1_159' title='bbox 296 3517 687 3667; x_wconf 53' lang='lat' dir='ltr'><strong>gigpimentis</strong></span> <span class='ocrx_word' id='word_1_160' title='bbox 743 3514 1187 3668; x_wconf 43' lang='lat' dir='ltr'><strong>pgpffingtagg</strong></span> <span class='ocrx_word' id='word_1_161' title='bbox 1236 3514 1293 3599; x_wconf 60' lang='lat'><strong>1³</strong></span> <span class='ocrx_word' id='word_1_162' title='bbox 1335 3514 1630 3667; x_wconf 29' lang='lat'><strong>987385?</strong></span> <span class='ocrx_word' id='word_1_163' title='bbox 1710 3512 2141 3665; x_wconf 42' lang='lat' dir='ltr'><strong>m2dntig2caoess</strong></span> 
     </span>
     <span class='ocr_line' id='line_1_28' title="bbox 299 3620 2138 3772; baseline -0.002 -20"><span class='ocrx_word' id='word_1_164' title='bbox 299 3625 424 3753; x_wconf 60' lang='grc' dir='ltr'>ιωῖ</span> <span class='ocrx_word' id='word_1_165' title='bbox 458 3623 714 3756; x_wconf 56' lang='grc' dir='ltr'><strong>οὲἓέᾱῗι</strong></span> <span class='ocrx_word' id='word_1_166' title='bbox 749 3688 809 3771; x_wconf 83' lang='lat'><strong>5,</strong></span> <span class='ocrx_word' id='word_1_167' title='bbox 846 3688 991 3754; x_wconf 85' lang='lat'><strong>333.</strong></span> <span class='ocrx_word' id='word_1_168' title='bbox 1042 3651 1228 3772; x_wconf 61' lang='lat' dir='ltr'><strong>&#39;qui‘s</strong></span> <span class='ocrx_word' id='word_1_169' title='bbox 1263 3687 1332 3751; x_wconf 73' lang='lat' dir='ltr'><strong>in</strong></span> <span class='ocrx_word' id='word_1_170' title='bbox 1369 3650 1446 3752; x_wconf 60' lang='lat' dir='ltr'><strong>{a</strong></span> <span class='ocrx_word' id='word_1_171' title='bbox 1482 3685 1825 3753; x_wconf 69' lang='lat' dir='ltr'><strong>tractanda</strong></span> <span class='ocrx_word' id='word_1_172' title='bbox 1860 3620 2138 3750; x_wconf 54' lang='lat' dir='ltr'><strong>modui&#39;?</strong></span> 
     </span>
     <span class='ocr_line' id='line_1_29' title="bbox 298 3769 2139 3944; baseline -0.005 -102"><span class='ocrx_word' id='word_1_173' title='bbox 298 3775 350 3944; x_wconf 50' lang='lat'><strong>{³</strong></span> <span class='ocrx_word' id='word_1_174' title='bbox 389 3775 528 3927; x_wconf 57' lang='grc' dir='ltr'>ἓξὲξ.</span> <span class='ocrx_word' id='word_1_175' title='bbox 621 3775 897 3944; x_wconf 47' lang='lat'>22:72871.</span> <span class='ocrx_word' id='word_1_176' title='bbox 988 3796 1072 3839; x_wconf 89' lang='lat' dir='ltr'><strong>an</strong></span> <span class='ocrx_word' id='word_1_177' title='bbox 1117 3775 1281 3841; x_wconf 88' lang='lat' dir='ltr'><strong>bene</strong></span> <span class='ocrx_word' id='word_1_178' title='bbox 1324 3771 1564 3857; x_wconf 82' lang='lat' dir='ltr'><strong>agendi</strong></span> <span class='ocrx_word' id='word_1_179' title='bbox 1606 3769 1821 3837; x_wconf 84' lang='lat' dir='ltr'><strong>studio</strong></span> <span class='ocrx_word' id='word_1_180' title='bbox 1865 3769 2139 3837; x_wconf 81' lang='lat' dir='ltr'><strong>noceat?</strong></span> 
     </span>
    </p>
   </div>
   <div class='ocr_carea' id='block_1_13' title="bbox 224 3994 2148 4597">
    <p class='ocr_par' dir='ltr' id='par_1_13' title="bbox 224 3994 2148 4597">
     <span class='ocr_line' id='line_1_30' title="bbox 224 3994 2139 4081; baseline -0.001 -18"><span class='ocrx_word' id='word_1_181' title='bbox 224 4028 299 4042; x_wconf 91' lang='lat'>—</span> <span class='ocrx_word' id='word_1_182' title='bbox 331 3997 930 4081; x_wconf 84' lang='lat' dir='ltr'><strong>praedestinationis</strong></span> <span class='ocrx_word' id='word_1_183' title='bbox 974 3997 1210 4081; x_wconf 83' lang='lat' dir='ltr'><strong>dogma</strong></span> <span class='ocrx_word' id='word_1_184' title='bbox 1253 3995 1475 4064; x_wconf 72' lang='lat' dir='ltr'><strong>multis</strong></span> <span class='ocrx_word' id='word_1_185' title='bbox 1512 3994 1893 4060; x_wconf 90' lang='lat' dir='ltr'><strong>scandalum</strong></span> <span class='ocrx_word' id='word_1_186' title='bbox 1939 3995 2000 4078; x_wconf 88' lang='lat'><strong>8,</strong></span> <span class='ocrx_word' id='word_1_187' title='bbox 2037 3995 2139 4062; x_wconf 88' lang='grc'>38.</span> 
     </span>
     <span class='ocr_line' id='line_1_31' title="bbox 300 4081 2139 4166; baseline 0.001 -20"><span class='ocrx_word' id='word_1_188' title='bbox 300 4084 535 4149; x_wconf 81' lang='lat' dir='ltr'><strong>articuli</strong></span> <span class='ocrx_word' id='word_1_189' title='bbox 601 4106 688 4150; x_wconf 88' lang='lat' dir='ltr'><strong>ex</strong></span> <span class='ocrx_word' id='word_1_190' title='bbox 756 4084 1016 4150; x_wconf 87' lang='lat' dir='ltr'><strong>Calvini</strong></span> <span class='ocrx_word' id='word_1_191' title='bbox 1083 4083 1342 4166; x_wconf 89' lang='lat' dir='ltr'><strong>scriptis</strong></span> <span class='ocrx_word' id='word_1_192' title='bbox 1408 4082 1696 4165; x_wconf 86' lang='lat' dir='ltr'><strong>excerpti</strong></span> <span class='ocrx_word' id='word_1_193' title='bbox 1763 4081 1825 4164; x_wconf 89' lang='lat'><strong>9,</strong></span> <span class='ocrx_word' id='word_1_194' title='bbox 1884 4081 2011 4146; x_wconf 89' lang='grc'><strong>273</strong></span> <span class='ocrx_word' id='word_1_195' title='bbox 2055 4103 2139 4148; x_wconf 87' lang='grc'><strong>66.</strong></span> 
     </span>
     <span class='ocr_line' id='line_1_32' title="bbox 302 4167 2141 4252; baseline 0.001 -21"><span class='ocrx_word' id='word_1_196' title='bbox 302 4168 373 4231; x_wconf 86' lang='lat' dir='ltr'><strong>ad</strong></span> <span class='ocrx_word' id='word_1_197' title='bbox 410 4169 914 4237; x_wconf 85' lang='lat' dir='ltr'><strong>misericordiam</strong></span> <span class='ocrx_word' id='word_1_198' title='bbox 959 4168 1086 4234; x_wconf 90' lang='lat' dir='ltr'><strong>Dei</strong></span> <span class='ocrx_word' id='word_1_199' title='bbox 1131 4169 1299 4234; x_wconf 87' lang='lat' dir='ltr'><strong>ratio</strong></span> <span class='ocrx_word' id='word_1_200' title='bbox 1347 4167 1405 4252; x_wconf 89' lang='lat'>1,</span> <span class='ocrx_word' id='word_1_201' title='bbox 1452 4167 1595 4234; x_wconf 91' lang='grc'>875.</span> <span class='ocrx_word' id='word_1_202' title='bbox 1698 4168 1760 4251; x_wconf 89' lang='grc'>2,</span> <span class='ocrx_word' id='word_1_203' title='bbox 1808 4168 1950 4233; x_wconf 91' lang='grc'>706.</span> <span class='ocrx_word' id='word_1_204' title='bbox 2058 4168 2141 4233; x_wconf 89' lang='lat' dir='ltr'><strong>ad</strong></span> 
     </span>
     <span class='ocr_line' id='line_1_33' title="bbox 301 4252 2148 4338; baseline 0.001 -21"><span class='ocrx_word' id='word_1_205' title='bbox 301 4256 592 4320; x_wconf 81' lang='lat' dir='ltr'><strong>moralem</strong></span> <span class='ocrx_word' id='word_1_206' title='bbox 635 4254 1070 4322; x_wconf 88' lang='lat' dir='ltr'><strong>conditionem</strong></span> <span class='ocrx_word' id='word_1_207' title='bbox 1121 4255 1286 4319; x_wconf 89' lang='lat' dir='ltr'><strong>ratio</strong></span> <span class='ocrx_word' id='word_1_208' title='bbox 1334 4255 1392 4336; x_wconf 89' lang='lat'>1,</span> <span class='ocrx_word' id='word_1_209' title='bbox 1430 4254 1575 4319; x_wconf 91' lang='grc'>877.</span> <span class='ocrx_word' id='word_1_210' title='bbox 1665 4253 1726 4338; x_wconf 88' lang='grc'><strong>2,</strong></span> <span class='ocrx_word' id='word_1_211' title='bbox 1766 4253 1910 4321; x_wconf 90' lang='grc'>708.</span> <span class='ocrx_word' id='word_1_212' title='bbox 2001 4252 2148 4320; x_wconf 87' lang='lat' dir='ltr'><strong>doc-</strong></span> 
     </span>
     <span class='ocr_line' id='line_1_34' title="bbox 305 4339 2142 4426; baseline 0.001 -22"><span class='ocrx_word' id='word_1_213' title='bbox 305 4341 460 4405; x_wconf 84' lang='lat' dir='ltr'><strong>trina</strong></span> <span class='ocrx_word' id='word_1_214' title='bbox 498 4342 830 4408; x_wconf 89' lang='lat' dir='ltr'><strong>moderate</strong></span> <span class='ocrx_word' id='word_1_215' title='bbox 875 4340 1234 4424; x_wconf 86' lang='lat' dir='ltr'><strong>tractanda,</strong></span> <span class='ocrx_word' id='word_1_216' title='bbox 1282 4362 1413 4405; x_wconf 91' lang='lat' dir='ltr'><strong>non</strong></span> <span class='ocrx_word' id='word_1_217' title='bbox 1457 4340 1856 4426; x_wconf 83' lang='lat' dir='ltr'><strong>negligenda</strong></span> <span class='ocrx_word' id='word_1_218' title='bbox 1898 4340 1958 4425; x_wconf 87' lang='lat'><strong>9,</strong></span> <span class='ocrx_word' id='word_1_219' title='bbox 1995 4339 2142 4408; x_wconf 92' lang='grc'>558.</span> 
     </span>
     <span class='ocr_line' id='line_1_35' title="bbox 304 4424 2141 4511; baseline 0.003 -23"><span class='ocrx_word' id='word_1_220' title='bbox 304 4424 506 4492; x_wconf 82' lang='lat' dir='ltr'><strong>turbas</strong></span> <span class='ocrx_word' id='word_1_221' title='bbox 572 4441 792 4494; x_wconf 87' lang='lat' dir='ltr'><strong>movet</strong></span> <span class='ocrx_word' id='word_1_222' title='bbox 855 4427 923 4491; x_wconf 89' lang='lat' dir='ltr'><strong>in</strong></span> <span class='ocrx_word' id='word_1_223' title='bbox 994 4425 1267 4493; x_wconf 89' lang='lat' dir='ltr'><strong>dioecesi</strong></span> <span class='ocrx_word' id='word_1_224' title='bbox 1331 4426 1795 4492; x_wconf 84' lang='lat' dir='ltr'><strong>Lausannensi</strong></span> <span class='ocrx_word' id='word_1_225' title='bbox 1852 4426 1955 4511; x_wconf 88' lang='lat'><strong>14,</strong></span> <span class='ocrx_word' id='word_1_226' title='bbox 1995 4427 2141 4493; x_wconf 87' lang='lat'>439.</span> 
     </span>
     <span class='ocr_line' id='line_1_36' title="bbox 306 4509 1148 4597; baseline 0.005 -22"><span class='ocrx_word' id='word_1_227' title='bbox 306 4509 417 4577; x_wconf 84' lang='lat'><strong>589</strong></span> <span class='ocrx_word' id='word_1_228' title='bbox 456 4535 535 4579; x_wconf 89' lang='lat' dir='ltr'><strong>ss.</strong></span> <span class='ocrx_word' id='word_1_229' title='bbox 624 4514 771 4579; x_wconf 87' lang='lat'>609.</span> <span class='ocrx_word' id='word_1_230' title='bbox 865 4513 967 4597; x_wconf 89' lang='grc'><strong>15,</strong></span> <span class='ocrx_word' id='word_1_231' title='bbox 1003 4512 1148 4579; x_wconf 89' lang='grc'>692.</span> 
     </span>
    </p>
   </div>
   <div class='ocr_carea' id='block_1_14' title="bbox 238 4648 2150 5421">
    <p class='ocr_par' dir='ltr' id='par_1_14' title="bbox 238 4648 2150 5421">
     <span class='ocr_line' id='line_1_37' title="bbox 238 4648 2146 4733; baseline 0.001 -21"><span class='ocrx_word' id='word_1_232' title='bbox 238 4679 306 4694; x_wconf 83' lang='lat'>-</span> <span class='ocrx_word' id='word_1_233' title='bbox 342 4650 411 4714; x_wconf 90' lang='lat' dir='ltr'><strong>de</strong></span> <span class='ocrx_word' id='word_1_234' title='bbox 451 4649 1040 4733; x_wconf 79' lang='lat' dir='ltr'><strong>praedestinatione</strong></span> <span class='ocrx_word' id='word_1_235' title='bbox 1086 4651 1403 4716; x_wconf 82' lang='lat' dir='ltr'><strong>confessio</strong></span> <span class='ocrx_word' id='word_1_236' title='bbox 1446 4649 1509 4733; x_wconf 89' lang='lat'><strong>9,</strong></span> <span class='ocrx_word' id='word_1_237' title='bbox 1548 4649 1691 4714; x_wconf 90' lang='grc'>713.</span> <span class='ocrx_word' id='word_1_238' title='bbox 1783 4648 2146 4716; x_wconf 82' lang='lat' dir='ltr'><strong>Alexandri</strong></span> 
     </span>
     <span class='ocr_line' id='line_1_38' title="bbox 309 4732 2146 4820; baseline 0.003 -24"><span class='ocrx_word' id='word_1_239' title='bbox 309 4732 397 4816; x_wconf 83' lang='lat'><strong>15,</strong></span> <span class='ocrx_word' id='word_1_240' title='bbox 439 4736 576 4801; x_wconf 88' lang='grc'>131.</span> <span class='ocrx_word' id='word_1_241' title='bbox 690 4736 1352 4820; x_wconf 84' lang='lat' dir='ltr'><strong>Argentoratensium</strong></span> <span class='ocrx_word' id='word_1_242' title='bbox 1415 4736 1516 4819; x_wconf 89' lang='lat'><strong>19,</strong></span> <span class='ocrx_word' id='word_1_243' title='bbox 1562 4736 1690 4801; x_wconf 86' lang='grc'><strong>672</strong></span> <span class='ocrx_word' id='word_1_244' title='bbox 1736 4757 1820 4801; x_wconf 89' lang='grc'><strong>66.</strong></span> <span class='ocrx_word' id='word_1_245' title='bbox 1934 4736 2146 4802; x_wconf 86' lang='lat' dir='ltr'><strong>Bezae</strong></span> 
     </span>
     <span class='ocr_line' id='line_1_39' title="bbox 310 4820 2149 4905; baseline 0.003 -23"><span class='ocrx_word' id='word_1_246' title='bbox 310 4820 398 4901; x_wconf 87' lang='lat'><strong>14,</strong></span> <span class='ocrx_word' id='word_1_247' title='bbox 441 4822 579 4888; x_wconf 88' lang='lat'>191.</span> <span class='ocrx_word' id='word_1_248' title='bbox 626 4822 772 4888; x_wconf 89' lang='grc'>243.</span> <span class='ocrx_word' id='word_1_249' title='bbox 819 4821 966 4888; x_wconf 88' lang='grc'>254.</span> <span class='ocrx_word' id='word_1_250' title='bbox 1101 4820 1201 4905; x_wconf 91' lang='grc'><strong>15,</strong></span> <span class='ocrx_word' id='word_1_251' title='bbox 1249 4822 1394 4887; x_wconf 90' lang='grc'>702.</span> <span class='ocrx_word' id='word_1_252' title='bbox 1521 4822 1780 4887; x_wconf 89' lang='lat' dir='ltr'><strong>Bolseci</strong></span> <span class='ocrx_word' id='word_1_253' title='bbox 1824 4822 2149 4887; x_wconf 85' lang='lat' dir='ltr'><strong>refutatur</strong></span> 
     </span>
     <span class='ocr_line' id='line_1_40' title="bbox 311 4905 2149 4992; baseline 0.003 -24"><span class='ocrx_word' id='word_1_254' title='bbox 311 4905 399 4989; x_wconf 91' lang='grc'><strong>14,</strong></span> <span class='ocrx_word' id='word_1_255' title='bbox 429 4908 570 4975; x_wconf 89' lang='grc'>278.</span> <span class='ocrx_word' id='word_1_256' title='bbox 657 4907 1033 4992; x_wconf 86' lang='lat' dir='ltr'><strong>Bullingeri</strong></span> <span class='ocrx_word' id='word_1_257' title='bbox 1074 4909 1223 4973; x_wconf 91' lang='lat' dir='ltr'><strong>ibid.</strong></span> <span class='ocrx_word' id='word_1_258' title='bbox 1269 4907 1417 4972; x_wconf 89' lang='grc'>209.</span> <span class='ocrx_word' id='word_1_259' title='bbox 1463 4908 1609 4973; x_wconf 89' lang='grc'>282.</span> <span class='ocrx_word' id='word_1_260' title='bbox 1646 4907 1793 4974; x_wconf 89' lang='grc'>480.</span> <span class='ocrx_word' id='word_1_261' title='bbox 1884 4907 2149 4974; x_wconf 83' lang='lat' dir='ltr'><strong>Calvini</strong></span> 
     </span>
     <span class='ocr_line' id='line_1_41' title="bbox 308 4992 2150 5077; baseline 0.001 -19"><span class='ocrx_word' id='word_1_262' title='bbox 308 5005 513 5058; x_wconf 85' lang='lat' dir='ltr'><strong>eontra</strong></span> <span class='ocrx_word' id='word_1_263' title='bbox 532 4992 1112 5061; x_wconf 85' lang='lat' dir='ltr'><strong>Melanchthonem</strong></span> <span class='ocrx_word' id='word_1_264' title='bbox 1147 4993 1298 5060; x_wconf 80' lang='lat' dir='ltr'><strong>ibid.</strong></span> <span class='ocrx_word' id='word_1_265' title='bbox 1336 4993 1484 5058; x_wconf 88' lang='lat'>414.</span> <span class='ocrx_word' id='word_1_266' title='bbox 1576 4993 1678 5077; x_wconf 84' lang='lat'><strong>15,</strong></span> <span class='ocrx_word' id='word_1_267' title='bbox 1715 4992 1861 5059; x_wconf 89' lang='grc'>215.</span> <span class='ocrx_word' id='word_1_268' title='bbox 1949 4993 2150 5059; x_wconf 88' lang='lat' dir='ltr'><strong>Lasci</strong></span> 
     </span>
     <span class='ocr_line' id='line_1_42' title="bbox 314 5077 2146 5163; baseline 0.002 -23"><span class='ocrx_word' id='word_1_269' title='bbox 314 5077 402 5160; x_wconf 89' lang='lat'><strong>14,</strong></span> <span class='ocrx_word' id='word_1_270' title='bbox 443 5079 582 5148; x_wconf 87' lang='grc'>555.</span> <span class='ocrx_word' id='word_1_271' title='bbox 714 5081 1009 5145; x_wconf 90' lang='lat' dir='ltr'><strong>Prevotii</strong></span> <span class='ocrx_word' id='word_1_272' title='bbox 1059 5078 1211 5144; x_wconf 78' lang='lat' dir='ltr'><strong>ibid.</strong></span> <span class='ocrx_word' id='word_1_273' title='bbox 1256 5080 1403 5146; x_wconf 88' lang='lat'>435.</span> <span class='ocrx_word' id='word_1_274' title='bbox 1538 5079 1951 5163; x_wconf 83' lang='lat' dir='ltr'><strong>Sampaulini</strong></span> <span class='ocrx_word' id='word_1_275' title='bbox 1997 5079 2146 5145; x_wconf 82' lang='lat' dir='ltr'><strong>ibid.</strong></span> 
     </span>
     <span class='ocr_line' id='line_1_43' title="bbox 309 5162 2148 5251; baseline 0.002 -24"><span class='ocrx_word' id='word_1_276' title='bbox 309 5162 438 5230; x_wconf 89' lang='lat'>418.</span> <span class='ocrx_word' id='word_1_277' title='bbox 481 5167 1014 5232; x_wconf 86' lang='lat' dir='ltr'><strong>Tonnonensium</strong></span> <span class='ocrx_word' id='word_1_278' title='bbox 1063 5163 1163 5248; x_wconf 88' lang='lat'>15,</span> <span class='ocrx_word' id='word_1_279' title='bbox 1208 5167 1310 5231; x_wconf 88' lang='grc'><strong>25.</strong></span> <span class='ocrx_word' id='word_1_280' title='bbox 1402 5166 1798 5231; x_wconf 85' lang='lat' dir='ltr'><strong>Traheronis</strong></span> <span class='ocrx_word' id='word_1_281' title='bbox 1854 5165 1956 5251; x_wconf 88' lang='lat'><strong>14,</strong></span> <span class='ocrx_word' id='word_1_282' title='bbox 2000 5165 2148 5231; x_wconf 89' lang='grc'>359.</span> 
     </span>
     <span class='ocr_line' id='line_1_44' title="bbox 311 5248 2147 5335; baseline 0.001 -21"><span class='ocrx_word' id='word_1_283' title='bbox 311 5248 440 5317; x_wconf 90' lang='grc'>550.</span> <span class='ocrx_word' id='word_1_284' title='bbox 523 5253 818 5319; x_wconf 78' lang='lat' dir='ltr'><strong>&#39;Prollieti</strong></span> <span class='ocrx_word' id='word_1_285' title='bbox 861 5252 1012 5319; x_wconf 86' lang='lat' dir='ltr'><strong>ibid.</strong></span> <span class='ocrx_word' id='word_1_286' title='bbox 1059 5252 1205 5317; x_wconf 90' lang='grc'>371.</span> <span class='ocrx_word' id='word_1_287' title='bbox 1306 5251 1553 5318; x_wconf 87' lang='lat' dir='ltr'><strong>Incerti</strong></span> <span class='ocrx_word' id='word_1_288' title='bbox 1599 5251 1701 5335; x_wconf 90' lang='lat'>15,</span> <span class='ocrx_word' id='word_1_289' title='bbox 1747 5252 1891 5318; x_wconf 87' lang='lat'>108.</span> <span class='ocrx_word' id='word_1_290' title='bbox 2011 5253 2147 5335; x_wconf 89' lang='lat' dir='ltr'><strong>epi-</strong></span> 
     </span>
     <span class='ocr_line' id='line_1_45' title="bbox 314 5338 923 5421; baseline 0 -18"><span class='ocrx_word' id='word_1_291' title='bbox 314 5354 585 5418; x_wconf 77' lang='lat' dir='ltr'><strong>gramma</strong></span> <span class='ocrx_word' id='word_1_292' title='bbox 629 5338 733 5421; x_wconf 86' lang='lat'>14,</span> <span class='ocrx_word' id='word_1_293' title='bbox 777 5339 923 5403; x_wconf 90' lang='grc'>280.</span> 
     </span>
    </p>
   </div>
   <div class='ocr_carea' id='block_1_15' title="bbox 1644 3030 2134 3112">
    <p class='ocr_par' dir='ltr' id='par_1_15' title="bbox 1644 3030 2134 3112">
     <span class='ocr_line' id='line_1_46' title="bbox 1644 3030 2134 3112; baseline -0.012 -14"><span class='ocrx_word' id='word_1_294' title='bbox 1644 3030 2007 3112; x_wconf 82' lang='lat' dir='ltr'><strong>Praecepta</strong></span> <span class='ocrx_word' id='word_1_295' title='bbox 2073 3050 2134 3093; x_wconf 84' lang='lat' dir='ltr'><strong>v.</strong></span> 
     </span>
    </p>
   </div>
   <div class='ocr_carea' id='block_1_16' title="bbox 1419 410 2934 487">
    <p class='ocr_par' dir='ltr' id='par_1_16' title="bbox 1419 410 2934 487">
     <span class='ocr_line' id='line_1_47' title="bbox 1419 410 2934 487; baseline -0.001 -1"><span class='ocrx_word' id='word_1_296' title='bbox 1419 417 1724 487; x_wconf 86' lang='lat' dir='ltr'>INDEX</span> <span class='ocrx_word' id='word_1_297' title='bbox 1765 410 2431 484; x_wconf 74' lang='lat' dir='ltr'>THEOLOGIOUS</span> <span class='ocrx_word' id='word_1_298' title='bbox 2481 417 2934 485; x_wconf 86' lang='lat' dir='ltr'><strong>POL—PRI.</strong></span> 
     </span>
    </p>
   </div>
   <div class='ocr_carea' id='block_1_17' title="bbox 2184 606 2208 5386">
    <p class='ocr_par' dir='ltr' id='par_1_17' title="bbox 2184 606 2208 5386">
     <span class='ocr_line' id='line_1_48' title="bbox 2184 606 2208 5386; baseline 0 0"><span class='ocrx_word' id='word_1_299' title='bbox 2184 606 2208 5386; x_wconf 95' lang='lat' dir='ltr'><strong> </strong></span> 
     </span>
    </p>
   </div>
   <div class='ocr_carea' id='block_1_18' title="bbox 4063 429 4191 495">
    <p class='ocr_par' dir='ltr' id='par_1_18' title="bbox 4063 429 4191 495">
     <span class='ocr_line' id='line_1_49' title="bbox 4063 429 4191 495; baseline 0 0"><span class='ocrx_word' id='word_1_300' title='bbox 4063 429 4191 495; x_wconf 88' lang='grc'>206</span> 
     </span>
    </p>
   </div>
   <div class='ocr_carea' id='block_1_19' title="bbox 2236 605 4194 1037">
    <p class='ocr_par' dir='ltr' id='par_1_19' title="bbox 2236 605 4194 1037">
     <span class='ocr_line' id='line_1_50' title="bbox 2236 605 4194 693; baseline 0.004 -21"><span class='ocrx_word' id='word_1_301' title='bbox 2236 605 2790 673; x_wconf 87' lang='lat' dir='ltr'><strong>Praedicatio</strong></span> <span class='ocrx_word' id='word_1_302' title='bbox 2834 608 3160 693; x_wconf 83' lang='lat' dir='ltr'><strong>evangelii</strong></span> <span class='ocrx_word' id='word_1_303' title='bbox 3204 608 3538 677; x_wconf 87' lang='lat' dir='ltr'><strong>ordinaria</strong></span> <span class='ocrx_word' id='word_1_304' title='bbox 3572 622 3639 678; x_wconf 89' lang='lat' dir='ltr'><strong>et</strong></span> <span class='ocrx_word' id='word_1_305' title='bbox 3673 613 4194 680; x_wconf 84' lang='lat' dir='ltr'><strong>extraordinaria</strong></span> 
     </span>
     <span class='ocr_line' id='line_1_51' title="bbox 2326 691 4191 785; baseline 0.005 -29"><span class='ocrx_word' id='word_1_306' title='bbox 2326 691 2428 775; x_wconf 89' lang='lat'>10,</span> <span class='ocrx_word' id='word_1_307' title='bbox 2489 693 2633 759; x_wconf 91' lang='grc'>160.</span> <span class='ocrx_word' id='word_1_308' title='bbox 2764 714 2808 759; x_wconf 89' lang='lat' dir='ltr'><strong>a</strong></span> <span class='ocrx_word' id='word_1_309' title='bbox 2869 695 3141 761; x_wconf 91' lang='lat' dir='ltr'><strong>concilio</strong></span> <span class='ocrx_word' id='word_1_310' title='bbox 3185 696 3567 763; x_wconf 75' lang='lat' dir='ltr'><strong>Tridentino</strong></span> <span class='ocrx_word' id='word_1_311' title='bbox 3631 700 4084 766; x_wconf 89' lang='lat' dir='ltr'><strong>commendata</strong></span> <span class='ocrx_word' id='word_1_312' title='bbox 4129 700 4191 785; x_wconf 89' lang='grc'><strong>7,</strong></span> 
     </span>
     <span class='ocr_line' id='line_1_52' title="bbox 2321 779 4192 869; baseline 0.005 -27"><span class='ocrx_word' id='word_1_313' title='bbox 2321 779 2451 843; x_wconf 89' lang='grc'><strong>422</strong></span> <span class='ocrx_word' id='word_1_314' title='bbox 2493 800 2586 863; x_wconf 90' lang='lat' dir='ltr'><strong>sq.</strong></span> <span class='ocrx_word' id='word_1_315' title='bbox 2702 802 2860 845; x_wconf 92' lang='lat' dir='ltr'><strong>num</strong></span> <span class='ocrx_word' id='word_1_316' title='bbox 2921 780 3174 846; x_wconf 88' lang='lat' dir='ltr'><strong>inutilis</strong></span> <span class='ocrx_word' id='word_1_317' title='bbox 3232 790 3446 848; x_wconf 89' lang='lat' dir='ltr'><strong>stante</strong></span> <span class='ocrx_word' id='word_1_318' title='bbox 3504 783 3808 869; x_wconf 82' lang='lat' dir='ltr'><strong>dogmate</strong></span> <span class='ocrx_word' id='word_1_319' title='bbox 3852 785 3933 852; x_wconf 89' lang='lat' dir='ltr'><strong>de</strong></span> <span class='ocrx_word' id='word_1_320' title='bbox 3991 786 4192 852; x_wconf 89' lang='lat' dir='ltr'><strong>libero</strong></span> 
     </span>
     <span class='ocr_line' id='line_1_53' title="bbox 2324 864 4192 959; baseline 0.005 -30"><span class='ocrx_word' id='word_1_321' title='bbox 2324 864 2630 931; x_wconf 82' lang='lat' dir='ltr'><strong>arbitrio?</strong></span> <span class='ocrx_word' id='word_1_322' title='bbox 2675 867 2738 950; x_wconf 89' lang='grc'>6,</span> <span class='ocrx_word' id='word_1_323' title='bbox 2782 865 2929 933; x_wconf 90' lang='grc'>253.</span> <span class='ocrx_word' id='word_1_324' title='bbox 3013 867 3589 949; x_wconf 85' lang='lat' dir='ltr'><strong>praedestinationi</strong></span> <span class='ocrx_word' id='word_1_325' title='bbox 3633 891 3764 937; x_wconf 92' lang='lat' dir='ltr'><strong>non</strong></span> <span class='ocrx_word' id='word_1_326' title='bbox 3809 871 4085 939; x_wconf 84' lang='lat' dir='ltr'><strong>adversa</strong></span> <span class='ocrx_word' id='word_1_327' title='bbox 4129 873 4192 959; x_wconf 91' lang='lat'><strong>8,</strong></span> 
     </span>
     <span class='ocr_line' id='line_1_54' title="bbox 2324 950 3313 1037; baseline 0.007 -23"><span class='ocrx_word' id='word_1_328' title='bbox 2324 950 2471 1015; x_wconf 88' lang='grc'>325.</span> <span class='ocrx_word' id='word_1_329' title='bbox 2560 973 2625 1018; x_wconf 87' lang='lat' dir='ltr'><strong>v.</strong></span> <span class='ocrx_word' id='word_1_330' title='bbox 2672 974 2933 1037; x_wconf 89' lang='lat' dir='ltr'><strong>quoque</strong></span> <span class='ocrx_word' id='word_1_331' title='bbox 2978 952 3313 1027; x_wconf 90' lang='lat' dir='ltr'><strong>Concio.</strong></span> 
     </span>
    </p>
   </div>
   <div class='ocr_carea' id='block_1_20' title="bbox 2242 1087 4188 1240">
    <p class='ocr_par' dir='ltr' id='par_1_20' title="bbox 2242 1087 4188 1240">
     <span class='ocr_line' id='line_1_55' title="bbox 2242 1087 4188 1240; baseline 0.006 -89"><span class='ocrx_word' id='word_1_332' title='bbox 2242 1087 2949 1240; x_wconf 53' lang='lat' dir='ltr'><strong>—5fn9-9dioationum</strong></span> <span class='ocrx_word' id='word_1_333' title='bbox 3004 1090 3162 1157; x_wconf 90' lang='lat' dir='ltr'><strong>ordo</strong></span> <span class='ocrx_word' id='word_1_334' title='bbox 3205 1092 3280 1157; x_wconf 91' lang='lat' dir='ltr'><strong>in</strong></span> <span class='ocrx_word' id='word_1_335' title='bbox 3323 1114 3458 1178; x_wconf 89' lang='lat' dir='ltr'><strong>rep.</strong></span> <span class='ocrx_word' id='word_1_336' title='bbox 3520 1093 3899 1162; x_wconf 80' lang='lat' dir='ltr'><strong>Genevensi</strong></span> <span class='ocrx_word' id='word_1_337' title='bbox 3947 1096 4049 1181; x_wconf 84' lang='lat'><strong>10,</strong></span> <span class='ocrx_word' id='word_1_338' title='bbox 4084 1098 4188 1163; x_wconf 91' lang='grc'><strong>20.</strong></span> 
     </span>
    </p>
   </div>
   <div class='ocr_carea' id='block_1_21' title="bbox 2240 1309 4190 1672">
    <p class='ocr_par' dir='ltr' id='par_1_21' title="bbox 2240 1309 4190 1672">
     <span class='ocr_line' id='line_1_56' title="bbox 2240 1309 3680 1400; baseline 0.006 -25"><span class='ocrx_word' id='word_1_339' title='bbox 2240 1309 2680 1378; x_wconf 87' lang='lat' dir='ltr'><strong>Praefecti</strong></span> <span class='ocrx_word' id='word_1_340' title='bbox 2722 1312 3051 1395; x_wconf 85' lang='lat' dir='ltr'><strong>praetorio</strong></span> <span class='ocrx_word' id='word_1_341' title='bbox 3096 1313 3382 1396; x_wconf 81' lang='lat' dir='ltr'><strong>dignitas</strong></span> <span class='ocrx_word' id='word_1_342' title='bbox 3427 1315 3488 1400; x_wconf 89' lang='lat'><strong>5,</strong></span> <span class='ocrx_word' id='word_1_343' title='bbox 3537 1317 3680 1383; x_wconf 90' lang='lat'>145.</span> 
     </span>
     <span class='ocr_line' id='line_1_57' title="bbox 2241 1448 4190 1540; baseline 0.005 -27"><span class='ocrx_word' id='word_1_344' title='bbox 2241 1448 3131 1517; x_wconf 87' lang='lat' dir='ltr'><strong>Praemonstratensis</strong></span> <span class='ocrx_word' id='word_1_345' title='bbox 3175 1454 3375 1519; x_wconf 87' lang='lat' dir='ltr'><strong>abbas</strong></span> <span class='ocrx_word' id='word_1_346' title='bbox 3418 1464 3618 1538; x_wconf 73' lang='lat' dir='ltr'><strong>negat</strong></span> <span class='ocrx_word' id='word_1_347' title='bbox 3674 1455 3915 1521; x_wconf 86' lang='lat' dir='ltr'><strong>inferos</strong></span> <span class='ocrx_word' id='word_1_348' title='bbox 3958 1454 4020 1540; x_wconf 91' lang='lat'><strong>9,</strong></span> <span class='ocrx_word' id='word_1_349' title='bbox 4044 1455 4190 1522; x_wconf 86' lang='lat'>446.</span> 
     </span>
     <span class='ocr_line' id='line_1_58' title="bbox 2240 1585 3215 1672; baseline 0.004 -21"><span class='ocrx_word' id='word_1_350' title='bbox 2240 1585 2918 1669; x_wconf 84' lang='lat' dir='ltr'><strong>Praepositurae</strong></span> <span class='ocrx_word' id='word_1_351' title='bbox 2961 1588 3022 1672; x_wconf 88' lang='lat'><strong>5,</strong></span> <span class='ocrx_word' id='word_1_352' title='bbox 3068 1588 3215 1655; x_wconf 83' lang='lat'>299.</span> 
     </span>
    </p>
   </div>
   <div class='ocr_carea' id='block_1_22' title="bbox 2240 1722 4191 1893">
    <p class='ocr_par' dir='ltr' id='par_1_22' title="bbox 2240 1722 4191 1893">
     <span class='ocr_line' id='line_1_59' title="bbox 2240 1722 4191 1876; baseline 0.004 -88"><span class='ocrx_word' id='word_1_353' title='bbox 2240 1722 2299 1788; x_wconf 92' lang='lat' dir='ltr'><strong>P</strong></span> <span class='ocrx_word' id='word_1_354' title='bbox 2316 1745 2368 1875; x_wconf 54' lang='grc' dir='ltr'><strong>ιὲ</strong></span> <span class='ocrx_word' id='word_1_355' title='bbox 2367 1744 2407 1788; x_wconf 86' lang='lat' dir='ltr'><strong>a</strong></span> <span class='ocrx_word' id='word_1_356' title='bbox 2421 1744 2519 1874; x_wconf 55' lang='grc' dir='ltr'>61ῑέ</span> <span class='ocrx_word' id='word_1_357' title='bbox 2520 1746 2577 1874; x_wconf 54' lang='grc' dir='ltr'><strong>ἐι</strong></span> <span class='ocrx_word' id='word_1_358' title='bbox 2592 1731 2619 1789; x_wconf 90' lang='lat' dir='ltr'><strong>t</strong></span> <span class='ocrx_word' id='word_1_359' title='bbox 2625 1745 2796 1876; x_wconf 45' lang='lat'><strong>21?</strong></span> <span class='ocrx_word' id='word_1_360' title='bbox 2843 1724 3097 1793; x_wconf 85' lang='lat' dir='ltr'><strong>Christi</strong></span> <span class='ocrx_word' id='word_1_361' title='bbox 3141 1727 3389 1810; x_wconf 81' lang='lat' dir='ltr'><strong>duplex</strong></span> <span class='ocrx_word' id='word_1_362' title='bbox 3433 1729 3495 1811; x_wconf 90' lang='grc'>6,</span> <span class='ocrx_word' id='word_1_363' title='bbox 3540 1729 3687 1795; x_wconf 89' lang='lat'>415.</span> <span class='ocrx_word' id='word_1_364' title='bbox 3775 1731 3907 1795; x_wconf 92' lang='lat' dir='ltr'><strong>imo</strong></span> <span class='ocrx_word' id='word_1_365' title='bbox 3952 1730 4191 1814; x_wconf 83' lang='lat' dir='ltr'><strong>triplex</strong></span> 
     </span>
     <span class='ocr_line' id='line_1_60' title="bbox 2372 1857 2772 1893; baseline 0.005 -19"><span class='ocrx_word' id='word_1_366' title='bbox 2372 1857 2388 1893; x_wconf 89' lang='lat'>,</span> <span class='ocrx_word' id='word_1_367' title='bbox 2567 1862 2579 1875; x_wconf 95' lang='lat'><strong>.</strong></span> <span class='ocrx_word' id='word_1_368' title='bbox 2759 1862 2772 1876; x_wconf 92' lang='lat'><strong>.</strong></span> 
     </span>
    </p>
   </div>
   <div class='ocr_carea' id='block_1_23' title="bbox 2240 1947 4191 2207">
    <p class='ocr_par' dir='ltr' id='par_1_23' title="bbox 2240 1947 4191 2207">
     <span class='ocr_line' id='line_1_61' title="bbox 2240 1947 4191 2038; baseline 0.004 -26"><span class='ocrx_word' id='word_1_369' title='bbox 2240 1947 2835 2015; x_wconf 88' lang='lat' dir='ltr'><strong>Praescientia</strong></span> <span class='ocrx_word' id='word_1_370' title='bbox 2875 1948 3006 2015; x_wconf 92' lang='lat' dir='ltr'><strong>Dei</strong></span> <span class='ocrx_word' id='word_1_371' title='bbox 3053 1951 3111 2034; x_wconf 90' lang='lat'>1,</span> <span class='ocrx_word' id='word_1_372' title='bbox 3157 1950 3302 2015; x_wconf 90' lang='lat'>864.</span> <span class='ocrx_word' id='word_1_373' title='bbox 3420 1951 3481 2036; x_wconf 91' lang='grc'><strong>2,</strong></span> <span class='ocrx_word' id='word_1_374' title='bbox 3526 1952 3673 2018; x_wconf 90' lang='grc'>682.</span> <span class='ocrx_word' id='word_1_375' title='bbox 3774 1960 4191 2038; x_wconf 88' lang='lat' dir='ltr'><strong>peccatorum</strong></span> 
     </span>
     <span class='ocr_line' id='line_1_62' title="bbox 2329 2033 4190 2124; baseline 0.004 -26"><span class='ocrx_word' id='word_1_376' title='bbox 2329 2033 2387 2118; x_wconf 88' lang='lat'>1,</span> <span class='ocrx_word' id='word_1_377' title='bbox 2412 2033 2540 2099; x_wconf 89' lang='grc'><strong>353</strong></span> <span class='ocrx_word' id='word_1_378' title='bbox 2575 2056 2669 2118; x_wconf 82' lang='lat' dir='ltr'><strong>sq.</strong></span> <span class='ocrx_word' id='word_1_379' title='bbox 2759 2038 2903 2101; x_wconf 91' lang='lat' dir='ltr'><strong>eius</strong></span> <span class='ocrx_word' id='word_1_380' title='bbox 2938 2039 3104 2102; x_wconf 90' lang='lat' dir='ltr'><strong>ratio</strong></span> <span class='ocrx_word' id='word_1_381' title='bbox 3137 2037 3219 2100; x_wconf 91' lang='lat' dir='ltr'><strong>ad</strong></span> <span class='ocrx_word' id='word_1_382' title='bbox 3258 2038 3739 2120; x_wconf 87' lang='lat' dir='ltr'><strong>providentiam</strong></span> <span class='ocrx_word' id='word_1_383' title='bbox 3788 2040 3846 2124; x_wconf 89' lang='lat'>1,</span> <span class='ocrx_word' id='word_1_384' title='bbox 3871 2040 4016 2107; x_wconf 89' lang='grc'>892.</span> <span class='ocrx_word' id='word_1_385' title='bbox 4104 2041 4190 2106; x_wconf 87' lang='lat' dir='ltr'><strong>ad</strong></span> 
     </span>
     <span class='ocr_line' id='line_1_63' title="bbox 2327 2120 3758 2207; baseline 0.006 -24"><span class='ocrx_word' id='word_1_386' title='bbox 2327 2120 2991 2202; x_wconf 86' lang='lat' dir='ltr'><strong>praedestinationem</strong></span> <span class='ocrx_word' id='word_1_387' title='bbox 3044 2123 3103 2205; x_wconf 90' lang='lat'>1,</span> <span class='ocrx_word' id='word_1_388' title='bbox 3150 2122 3277 2189; x_wconf 88' lang='grc'><strong>869</strong></span> <span class='ocrx_word' id='word_1_389' title='bbox 3320 2143 3414 2206; x_wconf 88' lang='lat' dir='ltr'><strong>sq.</strong></span> <span class='ocrx_word' id='word_1_390' title='bbox 3503 2123 3565 2207; x_wconf 89' lang='grc'><strong>2,</strong></span> <span class='ocrx_word' id='word_1_391' title='bbox 3612 2124 3758 2191; x_wconf 91' lang='grc'>695.</span> 
     </span>
    </p>
   </div>
   <div class='ocr_carea' id='block_1_24' title="bbox 2239 2257 4193 2688">
    <p class='ocr_par' dir='ltr' id='par_1_24' title="bbox 2239 2257 4193 2688">
     <span class='ocr_line' id='line_1_64' title="bbox 2239 2257 4188 2347; baseline 0.003 -23"><span class='ocrx_word' id='word_1_392' title='bbox 2239 2257 2743 2324; x_wconf 78' lang='lat' dir='ltr'><strong>Praesentia</strong></span> <span class='ocrx_word' id='word_1_393' title='bbox 2809 2260 2936 2325; x_wconf 92' lang='lat' dir='ltr'><strong>Dei</strong></span> <span class='ocrx_word' id='word_1_394' title='bbox 3004 2260 3238 2343; x_wconf 89' lang='lat' dir='ltr'><strong>quibus</strong></span> <span class='ocrx_word' id='word_1_395' title='bbox 3305 2260 3512 2343; x_wconf 87' lang='lat' dir='ltr'><strong>signis</strong></span> <span class='ocrx_word' id='word_1_396' title='bbox 3554 2260 3886 2329; x_wconf 79' lang='lat' dir='ltr'><strong>indicata?</strong></span> <span class='ocrx_word' id='word_1_397' title='bbox 3937 2263 3996 2347; x_wconf 88' lang='lat'>1,</span> <span class='ocrx_word' id='word_1_398' title='bbox 4041 2262 4188 2329; x_wconf 92' lang='grc'>385.</span> 
     </span>
     <span class='ocr_line' id='line_1_65' title="bbox 2326 2342 4193 2433; baseline 0.003 -24"><span class='ocrx_word' id='word_1_399' title='bbox 2326 2343 2579 2409; x_wconf 85' lang='lat' dir='ltr'><strong>Christi</strong></span> <span class='ocrx_word' id='word_1_400' title='bbox 2623 2342 2814 2409; x_wconf 90' lang='lat' dir='ltr'><strong>hodie</strong></span> <span class='ocrx_word' id='word_1_401' title='bbox 2859 2345 3116 2429; x_wconf 82' lang='lat' dir='ltr'><strong>qualis?</strong></span> <span class='ocrx_word' id='word_1_402' title='bbox 3165 2347 3224 2430; x_wconf 96' lang='grc'><strong>1,</strong></span> <span class='ocrx_word' id='word_1_403' title='bbox 3270 2346 3416 2412; x_wconf 91' lang='grc'>533.</span> <span class='ocrx_word' id='word_1_404' title='bbox 3541 2348 3602 2429; x_wconf 91' lang='grc'><strong>2,</strong></span> <span class='ocrx_word' id='word_1_405' title='bbox 3649 2348 3796 2414; x_wconf 92' lang='grc'>382.</span> <span class='ocrx_word' id='word_1_406' title='bbox 3903 2350 4193 2433; x_wconf 88' lang='lat' dir='ltr'><strong>corporis</strong></span> 
     </span>
     <span class='ocr_line' id='line_1_66' title="bbox 2326 2428 4191 2517; baseline 0.003 -22"><span class='ocrx_word' id='word_1_407' title='bbox 2326 2428 2580 2495; x_wconf 82' lang='lat' dir='ltr'><strong>Christi</strong></span> <span class='ocrx_word' id='word_1_408' title='bbox 2633 2431 2704 2495; x_wconf 90' lang='lat' dir='ltr'><strong>in</strong></span> <span class='ocrx_word' id='word_1_409' title='bbox 2750 2451 2952 2497; x_wconf 89' lang='lat' dir='ltr'><strong>coena</strong></span> <span class='ocrx_word' id='word_1_410' title='bbox 2995 2432 3252 2514; x_wconf 82' lang='lat' dir='ltr'><strong>qualis?</strong></span> <span class='ocrx_word' id='word_1_411' title='bbox 3297 2433 3362 2517; x_wconf 92' lang='lat'><strong>9,</strong></span> <span class='ocrx_word' id='word_1_412' title='bbox 3407 2432 3537 2498; x_wconf 90' lang='grc'><strong>474</strong></span> <span class='ocrx_word' id='word_1_413' title='bbox 3580 2456 3665 2499; x_wconf 93' lang='grc'><strong>66.</strong></span> <span class='ocrx_word' id='word_1_414' title='bbox 3787 2454 3923 2501; x_wconf 88' lang='lat' dir='ltr'><strong>non</strong></span> <span class='ocrx_word' id='word_1_415' title='bbox 3967 2433 4191 2501; x_wconf 84' lang='lat' dir='ltr'><strong>localis</strong></span> 
     </span>
     <span class='ocr_line' id='line_1_67' title="bbox 2330 2516 4188 2605; baseline 0.004 -25"><span class='ocrx_word' id='word_1_416' title='bbox 2330 2516 2387 2599; x_wconf 91' lang='lat'><strong>1,</strong></span> <span class='ocrx_word' id='word_1_417' title='bbox 2437 2516 2605 2582; x_wconf 90' lang='grc'>1003</span> <span class='ocrx_word' id='word_1_418' title='bbox 2649 2537 2732 2583; x_wconf 87' lang='grc'><strong>66.</strong></span> <span class='ocrx_word' id='word_1_419' title='bbox 2865 2517 2926 2601; x_wconf 91' lang='grc'><strong>2,</strong></span> <span class='ocrx_word' id='word_1_420' title='bbox 2976 2518 3161 2583; x_wconf 89' lang='grc'>1016.</span> <span class='ocrx_word' id='word_1_421' title='bbox 3296 2538 3432 2584; x_wconf 91' lang='lat' dir='ltr'><strong>non</strong></span> <span class='ocrx_word' id='word_1_422' title='bbox 3499 2519 3872 2586; x_wconf 89' lang='lat' dir='ltr'><strong>definienda</strong></span> <span class='ocrx_word' id='word_1_423' title='bbox 3938 2521 3996 2605; x_wconf 90' lang='lat'>1,</span> <span class='ocrx_word' id='word_1_424' title='bbox 4044 2521 4188 2587; x_wconf 92' lang='grc'>120.</span> 
     </span>
     <span class='ocr_line' id='line_1_68' title="bbox 2325 2601 4014 2688; baseline 0 -23"><span class='ocrx_word' id='word_1_425' title='bbox 2325 2601 2502 2668; x_wconf 89' lang='lat' dir='ltr'><strong>Vide</strong></span> <span class='ocrx_word' id='word_1_426' title='bbox 2544 2622 2801 2686; x_wconf 89' lang='lat' dir='ltr'><strong>quoque</strong></span> <span class='ocrx_word' id='word_1_427' title='bbox 2845 2603 3140 2687; x_wconf 91' lang='lat' dir='ltr'><strong>Coena,</strong></span> <span class='ocrx_word' id='word_1_428' title='bbox 3185 2603 3532 2688; x_wconf 88' lang='lat' dir='ltr'><strong>Corpus.</strong></span> <span class='ocrx_word' id='word_1_429' title='bbox 4008 2654 4014 2665; x_wconf 94' lang='lat'><strong>.</strong></span> 
     </span>
    </p>
   </div>
   <div class='ocr_carea' id='block_1_25' title="bbox 2240 2739 3253 2825">
    <p class='ocr_par' dir='ltr' id='par_1_25' title="bbox 2240 2739 3253 2825">
     <span class='ocr_line' id='line_1_69' title="bbox 2240 2739 3253 2825; baseline 0.001 -19"><span class='ocrx_word' id='word_1_430' title='bbox 2240 2739 2659 2824; x_wconf 88' lang='lat' dir='ltr'><strong>Praesepe</strong></span> <span class='ocrx_word' id='word_1_431' title='bbox 2704 2739 2954 2807; x_wconf 84' lang='lat' dir='ltr'><strong>Christi</strong></span> <span class='ocrx_word' id='word_1_432' title='bbox 2997 2741 3061 2825; x_wconf 92' lang='grc'><strong>6,</strong></span> <span class='ocrx_word' id='word_1_433' title='bbox 3104 2740 3253 2807; x_wconf 90' lang='grc'>416.</span> 
     </span>
    </p>
   </div>
   <div class='ocr_carea' id='block_1_26' title="bbox 2242 2877 4197 3047">
    <p class='ocr_par' dir='ltr' id='par_1_26' title="bbox 2242 2877 4197 3047">
     <span class='ocr_line' id='line_1_70' title="bbox 2242 2877 4197 2975; baseline 0.002 -32"><span class='ocrx_word' id='word_1_434' title='bbox 2242 2878 2609 2943; x_wconf 81' lang='lat' dir='ltr'><strong>Praxeas</strong></span> <span class='ocrx_word' id='word_1_435' title='bbox 2653 2877 2743 2962; x_wconf 51' lang='lat' dir='ltr'><strong>ab,</strong></span> <span class='ocrx_word' id='word_1_436' title='bbox 2776 2877 3154 2944; x_wconf 88' lang='lat' dir='ltr'><strong>orthodoxis</strong></span> <span class='ocrx_word' id='word_1_437' title='bbox 3198 2879 3518 2945; x_wconf 87' lang='lat' dir='ltr'><strong>refutatus</strong></span> <span class='ocrx_word' id='word_1_438' title='bbox 3561 2880 3622 2963; x_wconf 94' lang='lat'><strong>8,</strong></span> <span class='ocrx_word' id='word_1_439' title='bbox 3667 2878 3814 2975; x_wconf 74' lang='grc'>555.</span> <span class='ocrx_word' id='word_1_440' title='bbox 3935 2900 4105 2964; x_wconf 83' lang='lat' dir='ltr'><strong>spec.</strong></span> <span class='ocrx_word' id='word_1_441' title='bbox 4152 2900 4197 2946; x_wconf 89' lang='lat' dir='ltr'><strong>a</strong></span> 
     </span>
     <span class='ocr_line' id='line_1_71' title="bbox 2326 2963 3027 3047; baseline 0.004 -20"><span class='ocrx_word' id='word_1_442' title='bbox 2326 2963 2732 3030; x_wconf 80' lang='lat' dir='ltr'><strong>Tertulliano</strong></span> <span class='ocrx_word' id='word_1_443' title='bbox 2773 2964 2835 3047; x_wconf 91' lang='grc'><strong>2,</strong></span> <span class='ocrx_word' id='word_1_444' title='bbox 2884 2964 3027 3030; x_wconf 88' lang='grc'>114.</span> 
     </span>
    </p>
   </div>
   <div class='ocr_carea' id='block_1_27' title="bbox 2240 3102 4193 3360">
    <p class='ocr_par' dir='ltr' id='par_1_27' title="bbox 2240 3102 4193 3360">
     <span class='ocr_line' id='line_1_72' title="bbox 2240 3102 4193 3190; baseline 0.001 -20"><span class='ocrx_word' id='word_1_445' title='bbox 2240 3103 2543 3170; x_wconf 84' lang='lat' dir='ltr'><strong>Preces</strong></span> <span class='ocrx_word' id='word_1_446' title='bbox 2598 3124 2717 3187; x_wconf 89' lang='lat' dir='ltr'><strong>pro</strong></span> <span class='ocrx_word' id='word_1_447' title='bbox 2758 3104 3038 3170; x_wconf 90' lang='lat' dir='ltr'><strong>mortuis</strong></span> <span class='ocrx_word' id='word_1_448' title='bbox 3083 3123 3218 3169; x_wconf 92' lang='lat' dir='ltr'><strong>non</strong></span> <span class='ocrx_word' id='word_1_449' title='bbox 3261 3102 3598 3171; x_wconf 83' lang='lat' dir='ltr'><strong>faciendae</strong></span> <span class='ocrx_word' id='word_1_450' title='bbox 3643 3105 3745 3188; x_wconf 94' lang='grc'><strong>10,</strong></span> <span class='ocrx_word' id='word_1_451' title='bbox 3791 3104 3937 3172; x_wconf 93' lang='grc'>259.</span> <span class='ocrx_word' id='word_1_452' title='bbox 4040 3124 4193 3190; x_wconf 90' lang='lat' dir='ltr'><strong>qua-</strong></span> 
     </span>
     <span class='ocr_line' id='line_1_73' title="bbox 2327 3188 4193 3274; baseline 0.003 -21"><span class='ocrx_word' id='word_1_453' title='bbox 2327 3195 2524 3254; x_wconf 89' lang='lat' dir='ltr'><strong>tenus</strong></span> <span class='ocrx_word' id='word_1_454' title='bbox 2566 3189 2826 3255; x_wconf 82' lang='lat' dir='ltr'><strong>licitae?</strong></span> <span class='ocrx_word' id='word_1_455' title='bbox 2877 3190 2979 3274; x_wconf 86' lang='lat'><strong>19,</strong></span> <span class='ocrx_word' id='word_1_456' title='bbox 3024 3188 3170 3255; x_wconf 84' lang='lat'><strong>532.</strong></span> <span class='ocrx_word' id='word_1_457' title='bbox 3217 3190 3363 3256; x_wconf 90' lang='grc'>548.</span> <span class='ocrx_word' id='word_1_458' title='bbox 3464 3212 3504 3256; x_wconf 90' lang='lat' dir='ltr'><strong>a</strong></span> <span class='ocrx_word' id='word_1_459' title='bbox 3548 3189 3783 3258; x_wconf 87' lang='lat' dir='ltr'><strong>Carolo</strong></span> <span class='ocrx_word' id='word_1_460' title='bbox 3826 3191 4193 3258; x_wconf 84' lang='lat' dir='ltr'><strong>vindicatae</strong></span> 
     </span>
     <span class='ocr_line' id='line_1_74' title="bbox 2331 3274 3124 3360; baseline 0.004 -22"><span class='ocrx_word' id='word_1_461' title='bbox 2331 3274 2391 3359; x_wconf 94' lang='grc'><strong>7,</strong></span> <span class='ocrx_word' id='word_1_462' title='bbox 2437 3275 2566 3341; x_wconf 92' lang='grc'><strong>329</strong></span> <span class='ocrx_word' id='word_1_463' title='bbox 2609 3298 2694 3343; x_wconf 88' lang='grc'><strong>66.</strong></span> <span class='ocrx_word' id='word_1_464' title='bbox 2787 3275 2931 3360; x_wconf 78' lang='grc'>101),</span> <span class='ocrx_word' id='word_1_465' title='bbox 2977 3275 3124 3342; x_wconf 87' lang='lat'>389.</span> 
     </span>
    </p>
   </div>
   <div class='ocr_carea' id='block_1_28' title="bbox 2243 3413 3273 3498">
    <p class='ocr_par' dir='ltr' id='par_1_28' title="bbox 2243 3413 3273 3498">
     <span class='ocr_line' id='line_1_75' title="bbox 2243 3413 3273 3498; baseline -0.003 -18"><span class='ocrx_word' id='word_1_466' title='bbox 2243 3450 2328 3464; x_wconf 89' lang='grc'>-</span> <span class='ocrx_word' id='word_1_467' title='bbox 2370 3432 2642 3498; x_wconf 88' lang='lat' dir='ltr'><strong>precum</strong></span> <span class='ocrx_word' id='word_1_468' title='bbox 2687 3413 3018 3479; x_wconf 86' lang='lat' dir='ltr'><strong>exauditio</strong></span> <span class='ocrx_word' id='word_1_469' title='bbox 3063 3414 3125 3497; x_wconf 93' lang='grc'><strong>6,</strong></span> <span class='ocrx_word' id='word_1_470' title='bbox 3171 3413 3273 3478; x_wconf 94' lang='grc'><strong>87.</strong></span> 
     </span>
    </p>
   </div>
   <div class='ocr_carea' id='block_1_29' title="bbox 2245 3548 4196 3722">
    <p class='ocr_par' dir='ltr' id='par_1_29' title="bbox 2245 3548 4196 3722">
     <span class='ocr_line' id='line_1_76' title="bbox 2245 3548 4196 3637; baseline 0 -20"><span class='ocrx_word' id='word_1_471' title='bbox 2245 3590 2327 3601; x_wconf 92' lang='grc'>-</span> <span class='ocrx_word' id='word_1_472' title='bbox 2370 3551 2772 3635; x_wconf 86' lang='lat' dir='ltr'><strong>precandum</strong></span> <span class='ocrx_word' id='word_1_473' title='bbox 2817 3549 3187 3634; x_wconf 79' lang='lat' dir='ltr'><strong>quomodo?</strong></span> <span class='ocrx_word' id='word_1_474' title='bbox 3315 3550 3375 3633; x_wconf 95' lang='lat'>1,</span> <span class='ocrx_word' id='word_1_475' title='bbox 3418 3548 3549 3615; x_wconf 88' lang='lat'>904</span> <span class='ocrx_word' id='word_1_476' title='bbox 3582 3570 3666 3616; x_wconf 86' lang='lat' dir='ltr'><strong>ss.</strong></span> <span class='ocrx_word' id='word_1_477' title='bbox 3791 3572 3925 3618; x_wconf 92' lang='lat' dir='ltr'><strong>non</strong></span> <span class='ocrx_word' id='word_1_478' title='bbox 3967 3551 4196 3637; x_wconf 82' lang='lat' dir='ltr'><strong>lingua</strong></span> 
     </span>
     <span class='ocr_line' id='line_1_77' title="bbox 2327 3635 4195 3722; baseline 0.001 -20"><span class='ocrx_word' id='word_1_479' title='bbox 2327 3639 2555 3722; x_wconf 80' lang='lat' dir='ltr'><strong>ignota</strong></span> <span class='ocrx_word' id='word_1_480' title='bbox 2590 3636 2707 3704; x_wconf 89' lang='lat' dir='ltr'><strong>sed</strong></span> <span class='ocrx_word' id='word_1_481' title='bbox 2740 3657 2891 3703; x_wconf 89' lang='lat' dir='ltr'><strong>cum</strong></span> <span class='ocrx_word' id='word_1_482' title='bbox 2926 3657 3123 3702; x_wconf 89' lang='lat' dir='ltr'><strong>sensu</strong></span> <span class='ocrx_word' id='word_1_483' title='bbox 3160 3637 3223 3720; x_wconf 89' lang='lat'><strong>6,</strong></span> <span class='ocrx_word' id='word_1_484' title='bbox 3258 3635 3405 3703; x_wconf 89' lang='grc'>482.</span> <span class='ocrx_word' id='word_1_485' title='bbox 3498 3658 3557 3701; x_wconf 82' lang='lat' dir='ltr'><strong>v.</strong></span> <span class='ocrx_word' id='word_1_486' title='bbox 3596 3656 3852 3720; x_wconf 91' lang='lat' dir='ltr'><strong>quoque</strong></span> <span class='ocrx_word' id='word_1_487' title='bbox 3881 3635 4195 3704; x_wconf 84' lang='lat' dir='ltr'><strong>Oratio.</strong></span> 
     </span>
    </p>
   </div>
   <div class='ocr_carea' id='block_1_30' title="bbox 2243 3773 4196 4032">
    <p class='ocr_par' dir='ltr' id='par_1_30' title="bbox 2243 3773 4196 4032">
     <span class='ocr_line' id='line_1_78' title="bbox 2243 3773 4192 3861; baseline -0.001 -18"><span class='ocrx_word' id='word_1_488' title='bbox 2243 3775 2747 3860; x_wconf 85' lang='lat' dir='ltr'><strong>Presbyteri</strong></span> <span class='ocrx_word' id='word_1_489' title='bbox 2797 3776 2855 3860; x_wconf 89' lang='lat'>1,</span> <span class='ocrx_word' id='word_1_490' title='bbox 2904 3774 3029 3839; x_wconf 91' lang='grc'><strong>183</strong></span> <span class='ocrx_word' id='word_1_491' title='bbox 3074 3797 3165 3858; x_wconf 86' lang='lat' dir='ltr'><strong>sq.</strong></span> <span class='ocrx_word' id='word_1_492' title='bbox 3257 3773 3386 3840; x_wconf 90' lang='grc'><strong>572</strong></span> <span class='ocrx_word' id='word_1_493' title='bbox 3430 3796 3521 3859; x_wconf 91' lang='lat' dir='ltr'><strong>sq.</strong></span> <span class='ocrx_word' id='word_1_494' title='bbox 3625 3775 3687 3860; x_wconf 92' lang='grc'><strong>2,</strong></span> <span class='ocrx_word' id='word_1_495' title='bbox 3736 3775 3880 3843; x_wconf 91' lang='grc'>782.</span> <span class='ocrx_word' id='word_1_496' title='bbox 3930 3775 4055 3842; x_wconf 92' lang='grc'>788</span> <span class='ocrx_word' id='word_1_497' title='bbox 4100 3797 4192 3861; x_wconf 86' lang='lat' dir='ltr'><strong>sq.</strong></span> 
     </span>
     <span class='ocr_line' id='line_1_79' title="bbox 2331 3860 4196 3946; baseline 0.002 -19"><span class='ocrx_word' id='word_1_498' title='bbox 2331 3886 2389 3927; x_wconf 89' lang='lat' dir='ltr'><strong>v.</strong></span> <span class='ocrx_word' id='word_1_499' title='bbox 2439 3882 2689 3945; x_wconf 87' lang='lat' dir='ltr'><strong>quoque</strong></span> <span class='ocrx_word' id='word_1_500' title='bbox 2734 3861 3155 3946; x_wconf 86' lang='lat' dir='ltr'><strong>Episcopi.</strong></span> <span class='ocrx_word' id='word_1_501' title='bbox 3288 3860 3592 3928; x_wconf 88' lang='lat' dir='ltr'><strong>ecclesiae</strong></span> <span class='ocrx_word' id='word_1_502' title='bbox 3637 3861 4031 3945; x_wconf 83' lang='lat' dir='ltr'><strong>apostolicae</strong></span> <span class='ocrx_word' id='word_1_503' title='bbox 4078 3861 4196 3930; x_wconf 87' lang='lat' dir='ltr'><strong>du·</strong></span> 
     </span>
     <span class='ocr_line' id='line_1_80' title="bbox 2327 3946 3168 4032; baseline -0.001 -19"><span class='ocrx_word' id='word_1_504' title='bbox 2327 3948 2528 4032; x_wconf 90' lang='lat' dir='ltr'><strong>plices</strong></span> <span class='ocrx_word' id='word_1_505' title='bbox 2576 3948 2634 4032; x_wconf 94' lang='lat'>1,</span> <span class='ocrx_word' id='word_1_506' title='bbox 2679 3947 2824 4014; x_wconf 88' lang='grc'>648.</span> <span class='ocrx_word' id='word_1_507' title='bbox 2914 3947 2975 4030; x_wconf 88' lang='grc'><strong>2,</strong></span> <span class='ocrx_word' id='word_1_508' title='bbox 3021 3946 3168 4013; x_wconf 90' lang='grc'>892.</span> 
     </span>
    </p>
   </div>
   <div class='ocr_carea' id='block_1_31' title="bbox 2243 4083 4198 4425">
    <p class='ocr_par' dir='ltr' id='par_1_31' title="bbox 2243 4083 4198 4425">
     <span class='ocr_line' id='line_1_81' title="bbox 2243 4083 4194 4172; baseline 0.001 -21"><span class='ocrx_word' id='word_1_509' title='bbox 2243 4123 2329 4134; x_wconf 90' lang='grc'>-</span> <span class='ocrx_word' id='word_1_510' title='bbox 2369 4083 2916 4169; x_wconf 75' lang='lat' dir='ltr'><strong>Presbyterorum</strong></span> <span class='ocrx_word' id='word_1_511' title='bbox 2974 4084 3345 4151; x_wconf 85' lang='lat' dir='ltr'><strong>functiones</strong></span> <span class='ocrx_word' id='word_1_512' title='bbox 3389 4092 3455 4149; x_wconf 92' lang='lat' dir='ltr'><strong>et</strong></span> <span class='ocrx_word' id='word_1_513' title='bbox 3498 4084 3712 4150; x_wconf 85' lang='lat' dir='ltr'><strong>officia</strong></span> <span class='ocrx_word' id='word_1_514' title='bbox 3757 4084 3816 4168; x_wconf 89' lang='lat'><strong>1,</strong></span> <span class='ocrx_word' id='word_1_515' title='bbox 3864 4085 4007 4152; x_wconf 89' lang='lat'>186.</span> <span class='ocrx_word' id='word_1_516' title='bbox 4132 4087 4194 4172; x_wconf 93' lang='lat'><strong>8,</strong></span> 
     </span>
     <span class='ocr_line' id='line_1_82' title="bbox 2334 4170 4193 4255; baseline 0 -19"><span class='ocrx_word' id='word_1_517' title='bbox 2334 4172 2477 4238; x_wconf 93' lang='grc'>709.</span> <span class='ocrx_word' id='word_1_518' title='bbox 2566 4171 2890 4236; x_wconf 88' lang='lat' dir='ltr'><strong>ordinatio</strong></span> <span class='ocrx_word' id='word_1_519' title='bbox 2939 4172 2996 4254; x_wconf 94' lang='grc'><strong>1,</strong></span> <span class='ocrx_word' id='word_1_520' title='bbox 3049 4171 3234 4236; x_wconf 90' lang='grc'>1093.</span> <span class='ocrx_word' id='word_1_521' title='bbox 3325 4170 3386 4253; x_wconf 92' lang='grc'><strong>2,</strong></span> <span class='ocrx_word' id='word_1_522' title='bbox 3436 4170 3621 4236; x_wconf 92' lang='grc'>1087.</span> <span class='ocrx_word' id='word_1_523' title='bbox 3727 4170 4046 4236; x_wconf 82' lang='lat' dir='ltr'><strong>Genevae</strong></span> <span class='ocrx_word' id='word_1_524' title='bbox 4092 4172 4193 4255; x_wconf 88' lang='lat'>10,</span> 
     </span>
     <span class='ocr_line' id='line_1_83' title="bbox 2330 4255 4198 4340; baseline 0 -16"><span class='ocrx_word' id='word_1_525' title='bbox 2330 4258 2434 4324; x_wconf 92' lang='grc'><strong>22.</strong></span> <span class='ocrx_word' id='word_1_526' title='bbox 2481 4257 2584 4323; x_wconf 88' lang='grc'><strong>94.</strong></span> <span class='ocrx_word' id='word_1_527' title='bbox 2634 4258 2777 4323; x_wconf 93' lang='grc'>100.</span> <span class='ocrx_word' id='word_1_528' title='bbox 2879 4277 3108 4322; x_wconf 91' lang='lat' dir='ltr'><strong>eorum</strong></span> <span class='ocrx_word' id='word_1_529' title='bbox 3152 4272 3220 4321; x_wconf 87' lang='lat' dir='ltr'><strong>et</strong></span> <span class='ocrx_word' id='word_1_530' title='bbox 3274 4257 3718 4340; x_wconf 88' lang='lat' dir='ltr'><strong>episcoporum</strong></span> <span class='ocrx_word' id='word_1_531' title='bbox 3764 4255 4021 4322; x_wconf 85' lang='lat' dir='ltr'><strong>nullum</strong></span> <span class='ocrx_word' id='word_1_532' title='bbox 4065 4257 4198 4325; x_wconf 89' lang='lat' dir='ltr'><strong>dis-</strong></span> 
     </span>
     <span class='ocr_line' id='line_1_84' title="bbox 2330 4341 3209 4425; baseline -0.006 -14"><span class='ocrx_word' id='word_1_533' title='bbox 2330 4346 2579 4411; x_wconf 88' lang='lat' dir='ltr'><strong>crimen</strong></span> <span class='ocrx_word' id='word_1_534' title='bbox 2624 4344 2694 4408; x_wconf 91' lang='lat' dir='ltr'><strong>in</strong></span> <span class='ocrx_word' id='word_1_535' title='bbox 2740 4342 2810 4410; x_wconf 85' lang='lat' dir='ltr'><strong>S.</strong></span> <span class='ocrx_word' id='word_1_536' title='bbox 2856 4365 2906 4409; x_wconf 92' lang='lat' dir='ltr'><strong>s.</strong></span> <span class='ocrx_word' id='word_1_537' title='bbox 2958 4343 3016 4425; x_wconf 94' lang='grc'><strong>7,</strong></span> <span class='ocrx_word' id='word_1_538' title='bbox 3063 4341 3209 4407; x_wconf 89' lang='grc'>502.</span> 
     </span>
    </p>
   </div>
   <div class='ocr_carea' id='block_1_32' title="bbox 2246 4478 4198 4649">
    <p class='ocr_par' dir='ltr' id='par_1_32' title="bbox 2246 4478 4198 4649">
     <span class='ocr_line' id='line_1_85' title="bbox 2246 4478 4198 4566; baseline -0.001 -19"><span class='ocrx_word' id='word_1_539' title='bbox 2246 4519 2329 4532; x_wconf 92' lang='grc'><strong>-</strong></span> <span class='ocrx_word' id='word_1_540' title='bbox 2373 4480 2866 4566; x_wconf 81' lang='lat' dir='ltr'><strong>Presbyterium</strong></span> <span class='ocrx_word' id='word_1_541' title='bbox 2914 4478 3119 4562; x_wconf 80' lang='lat' dir='ltr'><strong>quid?</strong></span> <span class='ocrx_word' id='word_1_542' title='bbox 3171 4479 3229 4562; x_wconf 89' lang='lat'>1,</span> <span class='ocrx_word' id='word_1_543' title='bbox 3278 4478 3421 4543; x_wconf 91' lang='grc'>190.</span> <span class='ocrx_word' id='word_1_544' title='bbox 3467 4479 3614 4544; x_wconf 89' lang='grc'>572.</span> <span class='ocrx_word' id='word_1_545' title='bbox 3703 4478 3766 4562; x_wconf 84' lang='grc'><strong>2,</strong></span> <span class='ocrx_word' id='word_1_546' title='bbox 3815 4479 3958 4546; x_wconf 88' lang='grc'>787.</span> <span class='ocrx_word' id='word_1_547' title='bbox 4056 4479 4198 4546; x_wconf 88' lang='lat' dir='ltr'><strong>eius</strong></span> 
     </span>
     <span class='ocr_line' id='line_1_86' title="bbox 2332 4564 3814 4649; baseline 0 -17"><span class='ocrx_word' id='word_1_548' title='bbox 2332 4587 2563 4632; x_wconf 85' lang='lat' dir='ltr'><strong>verum</strong></span> <span class='ocrx_word' id='word_1_549' title='bbox 2610 4587 2851 4630; x_wconf 87' lang='lat' dir='ltr'><strong>munus</strong></span> <span class='ocrx_word' id='word_1_550' title='bbox 2897 4566 2957 4649; x_wconf 87' lang='lat'><strong>1,</strong></span> <span class='ocrx_word' id='word_1_551' title='bbox 3005 4565 3191 4631; x_wconf 93' lang='grc'>1086.</span> <span class='ocrx_word' id='word_1_552' title='bbox 3242 4564 3427 4631; x_wconf 92' lang='grc'>1088.</span> <span class='ocrx_word' id='word_1_553' title='bbox 3516 4565 3578 4649; x_wconf 90' lang='grc'><strong>2,</strong></span> <span class='ocrx_word' id='word_1_554' title='bbox 3627 4565 3814 4632; x_wconf 92' lang='grc'>1086.</span> 
     </span>
    </p>
   </div>
   <div class='ocr_carea' id='block_1_33' title="bbox 2247 4719 4196 4889">
    <p class='ocr_par' dir='ltr' id='par_1_33' title="bbox 2247 4719 4196 4889">
     <span class='ocr_line' id='line_1_87' title="bbox 2247 4719 4196 4806; baseline 0 -20"><span class='ocrx_word' id='word_1_555' title='bbox 2247 4721 2677 4786; x_wconf 88' lang='lat' dir='ltr'><strong>Primatus</strong></span> <span class='ocrx_word' id='word_1_556' title='bbox 2762 4741 2972 4804; x_wconf 87' lang='lat' dir='ltr'><strong>papae</strong></span> <span class='ocrx_word' id='word_1_557' title='bbox 3039 4719 3100 4804; x_wconf 89' lang='lat'><strong>6,</strong></span> <span class='ocrx_word' id='word_1_558' title='bbox 3168 4719 3314 4785; x_wconf 91' lang='grc'>523.</span> <span class='ocrx_word' id='word_1_559' title='bbox 3446 4720 3630 4785; x_wconf 87' lang='lat' dir='ltr'><strong>Petri</strong></span> <span class='ocrx_word' id='word_1_560' title='bbox 3696 4719 4068 4788; x_wconf 76' lang='lat' dir='ltr'><strong>vindicatus</strong></span> <span class='ocrx_word' id='word_1_561' title='bbox 4137 4721 4196 4806; x_wconf 92' lang='grc'><strong>7,</strong></span> 
     </span>
     <span class='ocr_line' id='line_1_88' title="bbox 2332 4805 3773 4889; baseline -0.001 -17"><span class='ocrx_word' id='word_1_562' title='bbox 2332 4805 2418 4872; x_wconf 89' lang='grc'><strong>35</strong></span> <span class='ocrx_word' id='word_1_563' title='bbox 2463 4828 2546 4872; x_wconf 84' lang='grc'><strong>66.</strong></span> <span class='ocrx_word' id='word_1_564' title='bbox 2635 4805 2791 4871; x_wconf 83' lang='lat' dir='ltr'><strong>vide</strong></span> <span class='ocrx_word' id='word_1_565' title='bbox 2835 4826 3086 4889; x_wconf 91' lang='lat' dir='ltr'><strong>quoque</strong></span> <span class='ocrx_word' id='word_1_566' title='bbox 3130 4806 3458 4889; x_wconf 86' lang='lat' dir='ltr'><strong>Petrus,</strong></span> <span class='ocrx_word' id='word_1_567' title='bbox 3503 4806 3773 4871; x_wconf 90' lang='lat' dir='ltr'><strong>Roma.</strong></span> 
     </span>
    </p>
   </div>
   <div class='ocr_carea' id='block_1_34' title="bbox 2250 4959 3392 5044">
    <p class='ocr_par' dir='ltr' id='par_1_34' title="bbox 2250 4959 3392 5044">
     <span class='ocr_line' id='line_1_89' title="bbox 2250 4959 3392 5044; baseline -0.001 -18"><span class='ocrx_word' id='word_1_568' title='bbox 2250 4961 2703 5027; x_wconf 84' lang='lat' dir='ltr'><strong>Primitiae</strong></span> <span class='ocrx_word' id='word_1_569' title='bbox 2752 4960 2810 5044; x_wconf 94' lang='grc'><strong>1,</strong></span> <span class='ocrx_word' id='word_1_570' title='bbox 2858 4960 3045 5025; x_wconf 92' lang='grc'>1131.</span> <span class='ocrx_word' id='word_1_571' title='bbox 3137 4960 3199 5044; x_wconf 90' lang='grc'><strong>2,</strong></span> <span class='ocrx_word' id='word_1_572' title='bbox 3244 4959 3392 5025; x_wconf 87' lang='grc'>510.</span> 
     </span>
    </p>
   </div>
   <div class='ocr_carea' id='block_1_35' title="bbox 2248 5113 4196 5268">
    <p class='ocr_par' dir='ltr' id='par_1_35' title="bbox 2248 5113 4196 5268">
     <span class='ocr_line' id='line_1_90' title="bbox 2248 5113 4196 5268; baseline -0.002 -87"><span class='ocrx_word' id='word_1_573' title='bbox 2248 5115 2948 5268; x_wconf 55' lang='grc' dir='ltr'>Ριὸίῼιίὶος6ηἰιιιτ6</span> <span class='ocrx_word' id='word_1_574' title='bbox 3019 5135 3059 5179; x_wconf 90' lang='lat' dir='ltr'><strong>a</strong></span> <span class='ocrx_word' id='word_1_575' title='bbox 3124 5115 3267 5179; x_wconf 92' lang='lat' dir='ltr'><strong>Deo</strong></span> <span class='ocrx_word' id='word_1_576' title='bbox 3333 5121 3704 5199; x_wconf 86' lang='lat' dir='ltr'><strong>contempta</strong></span> <span class='ocrx_word' id='word_1_577' title='bbox 3763 5115 3821 5195; x_wconf 88' lang='lat'>1,</span> <span class='ocrx_word' id='word_1_578' title='bbox 3875 5114 4019 5180; x_wconf 91' lang='grc'>867.</span> <span class='ocrx_word' id='word_1_579' title='bbox 4133 5113 4196 5193; x_wconf 87' lang='grc'><strong>2,</strong></span> 
     </span>
    </p>
   </div>
   <div class='ocr_carea' id='block_1_36' title="bbox 2252 5336 2913 5418">
    <p class='ocr_par' dir='ltr' id='par_1_36' title="bbox 2252 5336 2913 5418">
     <span class='ocr_line' id='line_1_91' title="bbox 2252 5336 2913 5418; baseline -0.005 -12"><span class='ocrx_word' id='word_1_580' title='bbox 2252 5375 2335 5388; x_wconf 92' lang='grc'>-</span> <span class='ocrx_word' id='word_1_581' title='bbox 2373 5339 2628 5405; x_wconf 87' lang='lat' dir='ltr'><strong>Christi</strong></span> <span class='ocrx_word' id='word_1_582' title='bbox 2670 5339 2730 5418; x_wconf 88' lang='grc'><strong>2,</strong></span> <span class='ocrx_word' id='word_1_583' title='bbox 2767 5336 2913 5403; x_wconf 90' lang='grc'>350.</span> 
     </span>
    </p>
   </div>
  </div>
 </body>
</html>
