4842 6175
598 436 721 504 187

1507 624 1615 693 M.

596 793 1133 862 Macedonius
1191 794 1561 860 haereticus
1620 795 1681 872 2,
1740 796 1886 862 866.
1991 795 2064 860 in
2123 793 2401 860 articulo
2459 792 2540 859 de

679 879 937 965 Spiritu
980 888 1205 947 sancto
1228 881 1287 960 7,
1315 880 1462 945 313.
1555 881 1964 964 improbatus
2007 881 2069 959 9,
2117 882 2261 946 706.
2357 879 2541 946 dam-

677 976 877 1033 natus
924 968 982 1047 1,
1026 967 1174 1032 646.
1284 986 1324 1031 a
1367 965 1648 1033 Serveto
1692 966 2001 1034 laudatus
2047 968 2106 1047 8,
2153 967 2300 1034 662.

591 1160 678 1170 -
720 1120 1178 1188 Macedoniani
1223 1122 1282 1198 1,
1324 1120 1472 1187 489.
1579 1122 1639 1199 2,
1688 1121 1831 1188 104.

595 1272 1292 1342 Machabaeorum
1337 1273 1491 1340 libri
1531 1295 1666 1340 non
1710 1276 1779 1341 in
1825 1295 2074 1342 canone
2121 1275 2179 1353 1,
2227 1275 2371 1340 733.
2478 1275 2540 1353 6,

683 1360 831 1427 570.
941 1360 1002 1440 7,
1067 1360 1170 1426 28.
1232 1360 1378 1426 613.
1499 1369 1692 1427 autor
1762 1361 1886 1429 sibi
1947 1361 2198 1427 diffidet
2276 1363 2335 1439 7,
2389 1360 2537 1426 413.

675 1448 787 1512 lib.
828 1445 919 1511 H.
965 1447 1254 1513 incertae
1297 1446 1449 1513 fidei
1474 1447 1534 1526 5,
1558 1446 1705 1514 232.
1799 1446 1884 1514 ad
1926 1444 2340 1531 probandum
2380 1467 2539 1530 pur-

675 1533 1002 1618 gatorium
1045 1532 1380 1599 adhibitus
1424 1534 1485 1611 7,
1528 1532 1674 1600 411.
2349 1565 2361 1577 ·

594 1725 678 1736 -
724 1685 1275 1753 Machabaeorum
1319 1694 1690 1772 martyrum
1736 1688 2015 1754 historia
2036 1689 2098 1766 6,
2141 1687 2287 1754 569.
2384 1707 2541 1753 con-

679 1773 932 1937 3¹:³33&
961 1774 1021 1851 8,
1062 1773 1163 1839 33.
1256 1780 1552 1858 tempora
1595 1775 1956 1859 scripturae
1998 1796 2132 1839 non
2176 1772 2543 1857 perniciosa

600 2014 679 2081 M
691 2035 733 2079 a
744 2035 789 2098 g
803 2014 847 2078 d
861 2013 990 2079 ale
1003 2036 1048 2078 n
1064 2034 1105 2079 a
1120 2033 1158 2078 e
1180 2013 1420 2080 sororis
1442 2013 1684 2078 Lazari
1704 2011 1852 2099 (sic)
1875 2012 2190 2096 reliquiae
2210 2015 2271 2093 6,
2296 2013 2425 2080 442
2447 2034 2541 2097 sq.

681 2108 878 2184 caput
919 2099 1256 2166 Massiliae
1290 2100 1351 2178 6,
1387 2098 1534 2164 414.

598 2255 823 2339 Magi
867 2277 918 2320 s.
948 2275 1137 2341 reges
1182 2262 1317 2319 tres
1362 2275 1446 2320 ex
1489 2222 1741 2320 oriente
1763 2255 1823 2333 6,
1848 2254 1994 2320 443.
2088 2274 2317 2320 eorum
2358 2255 2549 2321 stella

689 2343 749 2420 7,
790 2340 937 2407 532.
1043 2340 1359 2424 reliquiae
1403 2341 1465 2419 6,
1510 2340 1657 2405 443.

603 2495 1171 2579 Magistratus
1213 2492 1523 2577 politicus
1569 2495 1627 2570 1,
1652 2494 1779 2560 228
1803 2515 1897 2577 sq.
1985 2492 2047 2574 5,
2083 2492 2328 2578 354sq.
2420 2495 2551 2562 Dei

687 2580 980 2646 vicarius
1048 2580 1109 2657 1,
1167 2580 1314 2645 231.
1436 2600 1476 2644 a
1541 2600 1668 2664 quo
1734 2581 1877 2645 eius
1932 2579 2223 2664 dignitas
2282 2581 2340 2661 1,
2399 2580 2547 2647 230.

687 2665 958 2732 nomine
1002 2665 1225 2731 divino
1277 2664 1646 2749 insignitus
1695 2666 1752 2745 7,
1793 2666 1895 2733 83.
1986 2666 2365 2733 christianis
2416 2689 2552 2734 non

689 2770 1219 2835 supervacaneus
1277 2752 1335 2830 1,
1395 2751 1583 2817 1113.
1673 2753 1735 2830 2,
1791 2752 1978 2818 1107.
2066 2773 2412 2836 perperam
2470 2754 2554 2820 ab

686 2837 1147 2922 Anabaptistis
1220 2838 1501 2903 reiectus
1573 2838 1633 2918 7,
1692 2839 1771 2905 81
1830 2860 1924 2922 sq.
2008 2838 2150 2904 eius
2221 2839 2435 2906 officia
2493 2840 2552 2918 1,

692 2923 862 2988 1102
903 2945 997 3007 sq.
1082 2924 1144 3000 2,
1193 2923 1362 2989 1094
1404 2944 1489 2989 ss.
1577 2926 1651 2988 in
1706 2922 2054 3008 puniendis
2097 2924 2446 2992 haereticis
2491 2926 2552 3005 8,

689 3010 838 3075 470.
875 3009 1022 3075 474.
1059 3009 1185 3075 477
1232 3031 1324 3094 sq.
1433 3009 1536 3075 ius
1580 3008 1784 3095 gladii
1830 3011 1887 3090 1,
1923 3010 2047 3075 231
2095 3031 2179 3077 ss.
2287 3011 2360 3077 in
2403 3011 2552 3078 vin-

689 3097 968 3163 dicanda
1011 3096 1314 3164 doctrina
1356 3097 1742 3181 evangelica
1783 3097 1846 3176 9,
1892 3096 2016 3163 817
2042 3118 2136 3181 sq.

601 3250 1264 3335 Magnanimitas
1308 3249 1508 3334 quid?
1558 3250 1619 3330 5,
1660 3250 1763 3317 52.

600 3388 1134 3456 Mahometus
1193 3389 1540 3473 astrologis
1594 3389 1750 3455 Iesu
1812 3389 2024 3454 maior
2069 3392 2129 3470 7,
2173 3389 2320 3456 533.
2410 3390 2553 3457 eius

683 3474 919 3560 religio
960 3494 1087 3559 qua
1129 3474 1378 3540 fultura
1418 3474 1712 3541 nitatur?
1758 3476 1819 3556 9,
1864 3474 2011 3542 536.

602 3611 824 3678 Mala
865 3611 1215 3678 innumera
1270 3611 1469 3679 huius
1520 3612 1696 3708 vitae
1741 3613 1801 3688 1,
1847 3613 1994 3680 898.
2099 3613 2302 3680 Malis
2345 3615 2554 3681 utitur

688 3697 873 3762 Deus
916 3698 976 3777 2,
1025 3697 1146 3763 157
1193 3719 1277 3765 ss.
1324 3698 1468 3763 167.

604 3833 1068 3901 Malachiae
1110 3837 1433 3919 propheta
1471 3835 1641 3900 nihil
1685 3834 1765 3901 de
1808 3836 2011 3903 missa
2053 3836 2111 3915 7,
2157 3836 2284 3903 643
2328 3859 2421 3922 sq.

601 3969 1217 4038 Maledieentia
1259 3970 1458 4055 quid?
1508 3973 1566 4050 1,
1611 3971 1792 4038 419.ἦ

603 4108 1096 4175 Maledictio
1141 4107 1268 4174 Dei
1315 4111 1374 4190 1,
1418 4108 1564 4176 408.
1678 4110 1739 4189 2,
1785 4109 1931 4175 294.

609 4245 802 4311 Man
821 4245 1015 4311 data
1061 4243 1189 4311 Dei
1267 4255 1456 4311 extra
1521 4245 2057 4314 deliberationem
2123 4249 2428 4330 ponenda
2492 4250 2552 4332 5,

691 4331 819 4397 242
889 4352 983 4414 sq.
1106 4331 1213 4398 vel
1263 4334 1539 4397 minima
1605 4333 1839 4417 gravia
1906 4333 1965 4415 5,
2025 4335 2170 4401 269.
2274 4336 2555 4402 alterum

694 4418 904 4483 altero
948 4419 1218 4501 gravius
1261 4418 1322 4498 5,
1368 4419 1514 4484 268.
1603 4419 1681 4486 cf.
1728 4419 2210 4506 Praecepta.

607 4553 1112 4621 Manducare
1154 4556 1499 4623 Ohristum
1542 4555 1740 4641 quid?
1804 4558 1860 4633 1,
1915 4558 2042 4625 993
2085 4579 2169 4625 ss.
2259 4559 2318 4640 2,
2366 4560 2553 4626 1004.

694 4639 1240 4709 Manducantium
1307 4642 1596 4728 dignitas
1665 4643 1724 4722 1,
1793 4644 1968 4709 1017.
2033 4665 2125 4728 sq.
2236 4645 2295 4724 2,
2366 4646 2553 4713 1044.

695 4724 1124 4794 Manducatio
1179 4727 1673 4796 sacramentalis
1729 4729 1790 4806 9,
1839 4731 1964 4796 162
2007 4753 2092 4798 ss.
2193 4732 2557 4814 spiritualis

698 4812 762 4966 g,
810 4811 911 4878 74.
961 4812 1085 4880 162
1128 4838 1212 4882 ss.
1302 4814 1582 4882 carnalis
1637 4814 1960 4882 Heshusii
2005 4818 2064 4895 9,
2109 4817 2235 4881 477
2279 4838 2371 4901 sq.
2471 4820 2553 4885 cf.

769 4918 991 4965 oena

612 5035 950 5104 Manich
969 5057 1166 5102 aeus
1206 5037 1658 5121 providentiae
1701 5038 2134 5106 calumniator
2158 5040 2215 5120 1,
2261 5041 2407 5107 872.
2497 5043 2559 5122 2,

699 5122 845 5189 702.
934 5132 1242 5188 naturam
1285 5123 1571 5190 hominis
1613 5124 1855 5189 malam
1900 5126 2096 5211 fingit
2138 5127 2200 5204 6..
2237 5125 2386 5193 350.

617 5291 693 5306 -—
742 5258 1117 5325 Manichaei
1189 5260 1514 5327 dualistae
1584 5263 1647 5340 6,
1708 5263 1854 5328 262.
1972 5283 2235 5329 carnem
2308 5264 2559 5331 Christi

701 5347 1047 5413 coelestem
1090 5348 1422 5413 somniant
1466 5347 1526 5427 7,
1568 5348 1713 5415 314.
1803 5348 2294 5416 Libertinorum
2337 5362 2559 5434 patres

1811 435 2116 503 INDEX
2159 431 2823 503 THEOLOGIOUS
2868 433 3377 500 MAG—MAB.

4457 431 4569 499 188

2641 622 3185 688 Manichacus

2731 741 2791 820 7,
2815 740 2959 808 153.
3066 741 3320 824 explosi
3340 742 3401 819 9,
3429 741 3572 807 704.
3661 748 3978 808 notantur
4003 741 4061 822 1,
4096 740 4243 807 669.
4331 739 4395 818 2,
4441 738 4572 806 185.

2731 826 2875 893 705.
2920 828 3068 894 917.
3114 828 3301 894 1024.
3387 828 3449 905 8,
3489 826 3636 894 458.

2644 1001 2727 1013 -
2771 965 3313 1032 Manichaeorum
3388 964 3631 1032 classes
3706 965 3767 1042 7,
3819 963 3963 1030 157.
4062 962 4316 1029 deliria.
4369 958 4576 1049 prodi-

2731 1051 2912 1135 giosa
2935 1053 2995 1129 8,
3018 1051 3122 1118 47.
3211 1071 3464 1116 errores
3503 1052 3561 1131 7,
3606 1050 3748 1116 109.
3797 1049 3942 1117 157.
4032 1070 4201 1133 spec.
4248 1048 4330 1115 de
4372 1069 4579 1114 resur-

2728 1137 3023 1203 rectione
3067 1139 3128 1218 2,
3174 1137 3317 1203 736.
3408 1138 3739 1203 sententia
3795 1137 3877 1203 de
3920 1136 4146 1202 anima
4189 1136 4247 1215 1,
4292 1134 4398 1201 67.
4443 1133 4579 1200 516.

2732 1223 2794 1297 2,
2848 1223 2996 1288 360.
3100 1223 3181 1289 de
3229 1243 3501 1305 corpore
3554 1221 3805 1288 Christi
3868 1223 3928 1301 1,
3974 1222 4103 1288 519
4146 1244 4231 1288 ss.
4336 1222 4400 1300 2,
4442 1221 4580 1286 347.

2734 1309 2795 1387 7,
2818 1309 2963 1374 103.
2991 1309 3134 1375 109.
3221 1310 3284 1385 9,
3315 1308 3460 1374 707.
3548 1307 3632 1373 de
3674 1308 3957 1375 diversis
4000 1309 4263 1373 Veteris
4306 1317 4378 1372 et
4418 1306 4581 1372 Novi

2732 1395 3139 1460 Testamenti
3196 1394 3324 1460 diis
3367 1395 3427 1475 2,
3472 1394 3619 1460 331.
3710 1394 3792 1458 de
3848 1394 4102 1461 duobus
4149 1392 4493 1477 principiis
4527 1392 4580 1469 1,

2732 1480 2880 1545 312.
2925 1480 3072 1548 496.
3174 1482 3236 1559 2,
3279 1482 3384 1546 90.
3434 1481 3577 1547 119.
3668 1478 3728 1557 7,
3773 1479 3920 1546 312.
4010 1480 4091 1544 de
4133 1479 4425 1563 imagine
4462 1476 4583 1545 Dei

2731 1567 2793 1647 2,
2854 1566 2996 1632 139.
3102 1566 3184 1631 de
3239 1568 3489 1650 nuptiis
3551 1566 3609 1643 1,
3666 1566 3813 1632 217.
3912 1567 3974 1645 5,
4031 1565 4179 1632 544.
4326 1566 4388 1646 7,
4445 1564 4580 1631 668.

2732 1651 2812 1718 de
2854 1651 3451 1736 praedestinatione
3498 1652 3556 1732 1,
3603 1652 3749 1719 872.
3796 1652 3943 1719 874.
4030 1652 4091 1730 2,
4138 1652 4283 1718 702.

2646 1805 2951 1872 Manna
2994 1816 3483 1874 sacramentnm
3529 1809 3588 1884 1,
3637 1807 3779 1874 138.
3883 1807 3945 1887 9,
3987 1807 4134 1873 204.
4223 1806 4487 1873 carnale
4524 1812 4584 1871 et

2732 1892 3011 2057 {oeggsse
3061 1894 3131 2058 12:
3162 1892 3323 2046 8507ῐό
3407 1895 3469 1975 2,
3512 1894 3659 1960 316.
3749 1893 3890 1960 eius
3932 1892 4324 1977 significatio
4371 1890 4584 1977 typica

2651 2114 3097 2182 Mansuetu
3114 2114 3207 2182 do
3264 2116 3333 2182 in
3392 2115 3762 2183 exercenda
3824 2115 4171 2200 disciplina
4224 2112 4587 2181 adhibenda

2738 2203 2796 2279 1,
2857 2203 3003 2267 663.
3118 2202 3479 2269 christiana
3548 2203 3885 2270 severitati
3949 2211 4178 2269 contra
4234 2200 4587 2268 haereticos

2729 2310 2866 2354 non
2907 2289 3233 2354 contraria
3275 2289 3335 2368 8,
3380 2289 3528 2355 470.

2651 2426 3191 2492 Mantuanum
3248 2426 3592 2492 concilium
3648 2427 3789 2491 sub'
3831 2425 3953 2491 Pio
4012 2425 4103 2491 H.
4152 2426 4211 2507 7,
4254 2423 4407 2492 385.
4502 2423 4585 2510 (v.

2739 2533 2992 2597 quoque
3035 2512 3114 2577 In
3122 2510 3328 2579 dicem
3373 2510 3802 2598 historicum).

2656 2650 3209 2718 Manumissio
3253 2649 3540 2716 hominis
3584 2651 3885 2716 conversi
3931 2651 3991 2730 1,
4033 2650 4180 2716 346.

2660 2789 3050 2854 Mannum
3092 2786 3419 2871 impositio
3467 2788 3524 2864 1,
3572 2787 3715 2853 190.
3762 2787 3908 2855 571.
3955 2788 4100 2854 662.
4150 2787 4322 2854 1094
4365 2808 4462 2871 sq.
4536 2787 4591 2866 2,

2750 2875 2893 2941 787.
2921 2874 3067 2939 909.
3137 2874 3195 2951 8,
3220 2874 3364 2940 709.
3456 2873 3538 2938 10
3554 2874 3610 2939 b.
3635 2874 3783 2941 380.
3862 2875 4301 2957 apostolorum
4326 2875 4389 2953 l,
4418 2872 4592 2939 1070.

2748 2961 2810 3040 2,
2871 2961 3039 3026 1068
3178 3011 3192 3025 .
3298 2960 3371 3023 in
3430 2961 3916 3026 consecratione
3975 2960 4031 3037 1,
4090 2960 4234 3026 582.
4334 2960 4399 3041 7,
4458 2959 4591 3025 632.

2716 3045 2904 3132 ·quid
2976 3046 3102 3112 sibi
3159 3047 3363 3113 velit?
3424 3047 3483 3124 1,
3531 3046 3673 3113 142.
3733 3046 3879 3113 571.
3979 3047 4041 3126 2,
4103 3047 4246 3114 787.
4336 3046 4404 3126 5,
4458 3045 4593 3113 538.

2745 3134 2851 3201 cui
2894 3131 3265 3216 competat?
3306 3134 3365 3210 7,
3410 3133 3555 3199 628.
3642 3156 3730 3199 an
3773 3131 4301 3200 sacramentum?
4345 3134 4412 3214 2,
4456 3133 4592 3198 957.

2746 3218 2903 3304 quid
2949 3218 3166 3285 valeat
3209 3217 3293 3284 ad
3328 3218 3654 3303 Spiritum
3700 3241 3749 3285 s.
3797 3219 4307 3286 conferendum?
4355 3221 4419 3301 7,
4459 3219 4591 3284 711.

2657 3374 3144 3440 Marcianus
3177 3373 3533 3455 imperator
3558 3374 3618 3453 1,
3640 3373 3785 3439 607.
3896 3372 3996 3452 15,
4024 3373 4166 3439 110.
4255 3374 4595 3440 concilium

2741 3466 3097 3545 congregat
3143 3461 3201 3539 7,
3243 3459 3389 3524 403.

2654 3597 3034 3664 M‘arcion
3094 3603 3360 3663 notatur
3412 3598 3473 3676 2,
3537 3596 3723 3663 1016.
3773 3596 3959 3662 1024.
4063 3597 4123 3677 9,
4169 3597 4272 3664 94.
4321 3598 4471 3665 108.
4558 3616 4596 3661 a

2742 3683 3108 3769 Polycarpo
3151 3683 3403 3749 Romae
3445 3683 3826 3767 increpatur
3850 3683 3910 3761 7,
3937 3683 4080 3750 104.
4169 3682 4598 3769 quadraginta

2744 3770 2934 3836 annis
2976 3777 3126 3854 post
3167 3769 3610 3852 apostolorum
3651 3777 3933 3834 mortem
3970 3770 4325 3836 damnatur
4365 3770 4519 3837 ibid.

2656 3940 2743 3953 —
2788 3907 3147 3973 Marcionis
3184 3906 3476 3972 haeresis
3519 3907 3576 3986 7,
3606 3906 3748 3972 108.
3775 3905 3918 3972 156.
4005 3927 4187 3973 error
4222 3908 4301 3974 de
4335 3924 4599 3990 corpore

2741 3992 2993 4058 Christi
3059 3994 3117 4074 1,
3176 3992 3320 4058 121.
3379 3992 3508 4058 519
3564 4013 3657 4075 sq.
3780 3993 3842 4072 2,
3887 3992 4032 4059 347.
4148 3993 4206 4075 7,
4267 3993 4414 4059 103.
4463 3991 4597 4057 108.

2740 4078 2886 4145 314.
3019 4079 3080 4157 9,
3128 4079 3273 4144 707.
3395 4079 3466 4144 in
3523 4076 3819 4143 doctrina
3874 4079 3955 4143 de
4011 4079 4377 4163 ubiquitate
4414 4075 4597 4144 redi·

2740 4167 2939 4230 vivus
2978 4165 3034 4244 1,
3082 4165 3250 4230 1006
3293 4185 3386 4248 sq.
3509 4164 3839 4230 sententia
3890 4163 3969 4231 de
4024 4173 4263 4231 natura
4317 4164 4598 4232 hominis

2743 4252 2802 4332 6,
2846 4252 2994 4317 281.
3081 4272 3278 4335 quam
3318 4250 3561 4316 malam
3604 4250 3798 4335 fingit
3840 4251 3899 4331 6,
3941 4250 4088 4318 350.

2658 4424 2741 4436 -
2784 4389 3216 4456 Marcionitae
3259 4386 3578 4454 dualistae
3622 4389 3682 4469 6,
3726 4388 3875 4456 262.

2657 4543 2928 4611 Maria
2967 4546 3154 4629 virgo
3195 4566 3235 4609 a
3267 4551 3532 4627 peccato
3573 4543 3877 4627 originali
3910 4564 4077 4629 pura
4111 4543 4169 4625 7,
4204 4543 4350 4608 421.
4454 4562 4598 4609 con-

2742 4631 3103 4713 sanguinea
3145 4629 3410 4713 Iosephi
3460 4630 3520 4708 2,
3564 4629 3712 4695 351.
3833 4650 3871 4695 e
3918 4630 4122 4713 stirpe
4175 4626 4458 4696 Davidis
4506 4626 4597 4706 10,

2746 4716 2890 4782 169.
3015 4716 3157 4782 eius
3213 4715 3559 4799 privilegia
3615 4717 3673 4797 7,
3731 4716 3877 4783 481.
3999 4715 4380 4781 intercessio
4438 4710 4599 4797 apud

2742 4803 2955 4868 filium
2979 4802 3079 4883 14,
3101 4802 3202 4867 21.
3308 4800 3540 4867 laudes
3577 4801 3651 4866 in
3694 4801 3965 4872 ecclesia
3992 4808 4293 4869 cantatae
4339 4801 4439 4882 10,
4463 4796 4596 4865 195.

2743 4888 3058 5039 τθὶᾳυὶαθ
3115 4888 3337 4955 variae
3381 4890 3441 4969 6,
3485 4888 3613 4953 433
3649 4909 3741 4974 sq.
3866 4888 4088 4973 capilli
4143 4889 4206 4966 6,
4240 4887 4385 4952 432.
4506 4885 4598 4950 lac

2743 4976 2804 5055 6,
2885 4975 2988 5041 32.

2660 5110 2931 5176 Maria
2974 5109 3372 5195 Magdalena
3412 5134 3474 5178 V.
3512 5111 4033 5196 Magdalena.

2659 5264 3024 5419 Μῗὸἰῖὲιξ
3067 5266 3226 5420 {giga
3280 5266 3617 5352 religionis
3664 5286 3860 5334 causa
3914 5285 4187 5332 uxorem
4232 5267 4594 5349 relinquens
