4842 6175
256 453 380 520 217

259 637 550 725 Satyri
589 640 1046 725 imperfectum
1082 640 1203 707 Dei
1245 661 1409 726 opus
1452 642 1514 727 9,
1558 642 1704 708 290.

259 775 465 845 Saul
525 800 643 844 rex
701 779 942 862 spiritu
995 779 1171 845 malo
1229 787 1512 846 vexatus
1571 781 1630 862 1,
1672 779 1817 845 354.
1947 781 2009 864 2,
2052 781 2198 847 227.

338 865 661 948 propheta
706 866 806 948 11,
852 864 999 931 562.
1086 866 1405 951 reprobus
1451 866 1550 946 10,
1600 866 1743 932 165.

258 998 570 1068 Saulus
614 1023 825 1068 novus
869 1002 1062 1069 homo
1105 1003 1168 1087 2,
1212 1002 1359 1069 513.

258 1153 501 1223 Scala
542 1154 869 1222 coelorum
914 1154 1230 1224 Iaoobaea
1275 1158 1332 1237 1,
1379 1158 1525 1224 503.

257 1291 687 1361 Soandala
753 1295 813 1377 1,
872 1294 994 1361 201
1044 1314 1138 1379 sq.
1200 1295 1327 1361 835
1384 1316 1477 1378 sq.
1610 1295 1672 1377 2,
1732 1295 1861 1361 619
1915 1317 2011 1379 sq.
2142 1298 2203 1382 8,

342 1380 377 1444 1
427 1401 515 1444 ss.
647 1382 1014 1446 necessaria
1070 1382 1133 1465 8,
1197 1382 1296 1446 11.
1354 1381 1457 1447 82.
1586 1381 1936 1446 innumera
1994 1384 2054 1466 8,
2101 1384 2202 1449 82.

336 1465 615 1532 vitanda
662 1467 720 1549 1,
759 1467 944 1532 1057.
1034 1467 1095 1552 5,
1141 1467 1285 1533 250.
1380 1467 1441 1551 9,
1483 1467 1629 1532 606.
1734 1466 1999 1534 Christo
2044 1491 2206 1553 quo-

339 1571 473 1635 que
512 1550 706 1616 obvia
750 1552 810 1636 8,
856 1552 958 1618 82.
1047 1555 1114 1626 16
1160 1553 1379 1618 Iacobi
1422 1553 1668 1618 familia
1714 1554 1774 1636 8,
1820 1553 1923 1620 54.
2028 1556 2205 1622 Pha·

337 1638 706 1703 risaeorum
742 1649 809 1703 et
849 1638 1260 1705 infirmorum
1310 1641 1369 1722 1,
1414 1639 1559 1705 201.
1608 1639 1753 1704 836.
1842 1640 1903 1724 2,
1949 1641 2094 1707 620.

255 1774 674 1927 -5ὲιιὲ66ᾶ611
738 1774 1026 1841 definitio
1096 1777 1157 1860 8,
1227 1777 1327 1842 10.

258 2034 336 2044 -
380 1998 844 2065 scandalorum
897 2019 1142 2082 genera
1187 1998 1246 2082 8,
1288 1999 1366 2064 12
1402 2020 1496 2082 sq.
1630 2020 1712 2064 ex
1758 2000 2207 2069 affectionibus

335 2084 565 2167 pravis
611 2085 671 2167 8,
716 2084 820 2150 22.
906 2105 992 2149 ex
1035 2087 1411 2167 arrogantia
1455 2086 1517 2169 8,
1560 2085 1663 2151 48.
1762 2107 1845 2152 ex
1888 2087 2207 2153 bonorum

338 2170 929 2237 ecclesiasticorum
976 2192 1102 2236 usu
1148 2171 1209 2253 8,
1255 2171 1356 2236 80.
1459 2194 1542 2236 ex
1586 2171 1932 2238 calumniis
1976 2173 2206 2239 adver-

337 2257 668 2323 sariorum
713 2257 774 2339 8,
819 2256 921 2322 38.
969 2257 1071 2323 63.
1117 2257 1221 2322 67.

338 2341 585 2408 abolito
630 2343 691 2425 8,
737 2343 837 2407 70.
969 2363 1053 2407 ex
1094 2343 1518 2409 confessionis
1577 2344 1964 2410 auricularis
2006 2345 2207 2410 aboli—

337 2429 521 2494 tione
568 2429 630 2512 8,
675 2428 777 2494 69.
909 2450 994 2493 ex
1052 2427 1390 2494 discordiis
1453 2429 1536 2495 ob
1598 2431 1982 2511 religionem
2045 2432 2207 2497 ortis

338 2515 400 2598 8,
446 2514 555 2579 40.
644 2537 727 2580 ex
772 2513 1058 2580 dissidiis
1105 2514 1558 2598 theologorum
1605 2516 1665 2597 8,
1711 2516 1814 2581 56.
1932 2537 2014 2582 ex
2055 2517 2206 2584 doo-

335 2601 520 2665 trina
556 2600 934 2684 evangelion.
976 2600 1165 2665 initio
1208 2601 1588 2683 imperfecta
1632 2602 1693 2685 8,
1728 2601 1831 2668 59.
1921 2623 2004 2668 ex
2047 2601 2203 2687 dog·

334 2696 596 2751 matum
641 2684 1045 2751 absurditate
1091 2686 1151 2769 8,
1192 2686 1291 2752 15.
1381 2709 1463 2751 ex
1508 2688 1817 2753 ecclesiae
1859 2690 2207 2757 autoritate

335 2771 638 2856 neglecta
681 2772 742 2856 8,
788 2772 889 2838 78.
993 2793 1078 2837 ex
1121 2773 1410 2838 fidelium
1455 2774 1780 2856 paucitate
1822 2774 1884 2857 8,
1931 2774 2032 2841 77.
2123 2794 2208 2840 ex

338 2857 685 2923 hominum
760 2856 1033 2923 levitate
1088 2866 1156 2923 et
1212 2859 1539 2942 pravitate
1616 2860 1676 2943 8,
1739 2860 1843 2926 38.
1904 2860 2007 2926 54.
2122 2883 2206 2927 ex

334 2943 669 3010 humanae
709 2954 986 3009 naturae
1028 2944 1474 3010 imbecillitate
1516 2944 1577 3027 8,
1625 2946 1725 3011 18.
1843 2968 1927 3012 ex
1970 2946 2207 3012 humili

338 3036 522 3096 statu
580 3030 887 3097 ecclesiae
951 3029 1295 3097 militantis
1360 3031 1421 3115 8,
1487 3031 1591 3097 23.
1723 3053 1805 3098 ex
1870 3034 2207 3118 impietate

337 3138 458 3201 per
528 3117 943 3198 evangelium
1023 3115 1348 3182 declarata
1409 3119 1469 3200 8,
1535 3120 1638 3183 42.
1769 3141 1853 3184 ex
1910 3120 2209 3185 molestia

339 3203 558 3269 crucis
602 3203 664 3286 8,
708 3203 811 3268 21.
943 3223 1029 3267 ex
1073 3204 1366 3268 novitate
1411 3204 1745 3270 doctrinae
1790 3205 1850 3287 8,
1898 3205 1999 3271 75.
2123 3227 2206 3272 ex

337 3288 958 3372 praedestinationis
1002 3288 1301 3372 dogmate
1347 3291 1407 3372 8,
1450 3290 1553 3356 38.
1661 3313 1744 3355 ex
1788 3294 1923 3357 risu
1970 3293 2205 3358 Lucia-

337 3376 643 3439 nioorum
689 3375 749 3458 8,
794 3375 897 3440 45.
984 3396 1071 3439 ex
1114 3375 1467 3439 sceleribus
1509 3377 1785 3442 aliorum
1831 3378 1891 3461 8,
1936 3377 2039 3443 53.
2124 3401 2207 3443 ex

339 3462 496 3526 stilo
565 3462 894 3544 evangelii
959 3461 1020 3544 8,
1090 3462 1189 3526 14.
1321 3483 1403 3526 ex
1450 3462 1588 3526 vita
1642 3462 1953 3529 dissoluta
1998 3465 2057 3548 8,
2103 3463 2205 3529 50.

340 3565 423 3611 ex
469 3547 739 3612 zizaniis
785 3568 825 3611 a
868 3547 1118 3612 Satana
1160 3548 1322 3612 satis
1367 3548 1427 3631 8,
1471 3548 1575 3613 47.

1353 2279 1438 2322 ex
1479 2258 1774 2323 ciborum
1830 2258 2209 2325 discrimine

259 3681 689 3767 Sceptrum
731 3682 889 3749 Iesu
933 3683 995 3767 6,
1038 3683 1185 3749 427.

261 3817 646 3887 Schisma
690 3820 931 3887 saeculi
976 3821 1131 3887 XV.
1181 3823 1240 3900 7,
1284 3822 1408 3894 30..

261 3957 810 4111 -5ἓὲ11161661ῑ161
851 3957 1007 4043 qui?
1057 3960 1115 4043 1,
1160 3960 1262 4024 22.
1308 3960 1456 4024 273.
1502 3958 1646 4025 556.
1768 3961 1832 4045 2,
1878 3961 2022 4026 772.
2147 3961 2210 4047 5,

264 4180 807 4250 Scholastica
840 4182 1168 4266 theologia
1213 4182 1274 4266 5,
1318 4183 1467 4249 396.

265 4356 339 4368 —-
406 4318 801 4387 Scholastioi
888 4330 1301 4405 corruptores
1398 4321 1733 4405 religionis
1815 4323 2208 4389 christianae

344 4407 404 4490 5,
451 4407 601 4472 587.
731 4407 885 4470 item
945 4405 1280 4472 doctrinae
1336 4406 1416 4471 (16
1472 4406 1911 4487 redemptione
1963 4410 2023 4491 6,
2061 4409 2207 4476 505.

342 4492 833 4577 Pelagianismo
877 4491 1104 4557 favent
1150 4494 1209 4577 1,
1258 4494 1401 4557 740.
1529 4514 1804 4575 poenam
1850 4505 1920 4559 et
1952 4496 2208 4579 culpam

345 4579 767 4662 distinguunt
812 4579 871 4661 1,
918 4578 1062 4643 721.

271 4750 341 4763 -—
386 4714 946 4783 Scholastioorum
1014 4736 1197 4781 error
1260 4715 1342 4781 de
1406 4718 1678 4782 caritate
1745 4718 1802 4800 1,
1867 4717 2014 4782 476.
2146 4719 2209 4802 2,

345 4803 492 4868 432.
625 4800 705 4865 de
762 4800 891 4866 fide
939 4800 1312 4866 definienda
1367 4802 1427 4886 1,
1484 4803 1632 4869 453.
1676 4804 1823 4869 468.
1952 4803 2015 4885 2,
2059 4803 2206 4872 398.

346 4889 494 4955 425.
627 4886 708 4952 (16
749 4888 1172 4952 fundamento
1213 4888 1353 4970 spei
1396 4890 1455 4970 1,
1500 4890 1645 4954 476.
1776 4890 1838 4972 2,
1880 4889 2027 4955 433.
2129 4891 2211 4956 (16

346 4975 563 5058 gratia
606 4983 984 5054 acceptante
1018 4974 1076 5057 1,
1117 4973 1260 5038 792.
1350 4974 1413 5058 2,
1455 4976 1602 5041 603.
1683 4975 1765 5042 (16
1806 4978 2020 5060 gratia
2061 4997 2210 5042 nos-

347 5060 556 5213 ge9t5da
602 5061 661 5142 1,
710 5059 858 5124 470.
984 5059 1046 5143 2,
1112 5059 1258 5124 428.
1389 5058 1471 5124 (16
1535 5062 1770 5127 merito
1834 5060 2084 5128 Christi
2148 5064 2211 5147 2,

274 5318 348 5331 -
388 5283 633 5367 placita
676 5282 755 5348 de
808 5282 1266 5350 iustificatione
1333 5285 1393 5365 1,
1462 5283 1604 5349 762.

1735 5285 1797 5368 2,
1857 5284 2002 5351 546.
2060 5284 2207 5352 571.

352 5367 428 5437 (16
471 5369 721 5435 iustitia
763 5370 1205 5454 regenitorum
1256 5369 1313 5454 1,
1361 5370 1504 5436 762.

1636 5369 1716 5437 (16
1759 5372 2014 5438 iustitia
2054 5392 2209 5458 ope-

1488 453 1792 522 INDEX
1835 449 2498 520 THEOLOGIGUS
2544 450 3016 520 SAT—SEM.

1460 1798 1543 1841 ex
1604 1785 1824 1842 mente
1897 1777 2091 1844 Pauli
2144 1778 2240 1863 6,·

4125 453 4253 518 218

2306 639 2839 708 Scholastica

2389 799 2538 843 rum
2586 779 2645 862 1,
2691 778 2835 845 740.
2956 777 3037 842 de
3081 777 3284 844 libero
3329 779 3597 844 arbitrio
3640 780 3698 861 1,
3742 778 3888 845 318.
3999 778 4060 862 2,
4109 777 4252 844 189.

2390 864 2517 929 207
2565 886 2649 931 66.
2760 865 2842 929 (16
2885 864 3115 929 officiis
3162 865 3220 948 1,
3266 864 3410 930 423.
3533 865 3596 947 2,
3640 865 3785 931 305.
3907 863 3988 929 (16
4032 865 4256 946 poeni-

2394 952 2602 1016 tentia
2647 952 2706 1035 1,
2756 950 2897 1016 150.
2944 950 3089 1016 695.
3193 951 3255 1033 2,
3300 951 3445 1047 456.
3495 952 3683 1016 1076.
3785 951 3865 1016 (16
3900 949 4258 1033 praedesti·

2391 1039 2659 1102 natione
2704 1038 2764 1121 1,
2810 1036 2954 1102 873.
3086 1037 3145 1114 2,
3194 1037 3337 1102 703.
3470 1037 3550 1103 (16
3606 1036 4150 1104 satisfactionibus
4197 1036 4256 1119 1,

2308 1258 2359 1325 S
2377 1279 2521 1411 61ῧέ
2531 1268 2557 1323 t
2572 1280 2613 1325 a
2629 1260 2740 1325 tio
2810 1268 3145 1343 peccatum
3216 1260 3472 1326 veniale
3536 1260 3708 1344 apud
3776 1258 4139 1344 pontificios
4194 1258 4258 1344 6,

2309 1481 2760 1564 Scriptura
2817 1502 3004 1549 sacra
3045 1483 3106 1568 9,
3146 1483 3289 1548 741.
3339 1483 3482 1549 755.
3615 1483 3995 1568 angelorum
4039 1487 4261 1555 schola

2396 1569 2458 1652 8,
2502 1567 2649 1635 395.
2774 1579 2927 1633 ante
2971 1570 3309 1635 ecclesiam
3354 1570 3417 1654 2,
3461 1568 3564 1634 57.
3667 1571 3911 1636 arbiter
3964 1594 4262 1640 summus

2398 1656 2459 1737 7,
2503 1657 2563 1720 6.
2695 1653 3048 1729 αὖτόπιστος
3091 1656 3154 1738 2,
3198 1656 3301 1720 60.
3433 1657 3515 1722 ab
3561 1652 3905 1723 haereticis
3947 1680 4264 1742 perversa

2395 1742 2459 1825 9,
2503 1741 2650 1806 430.
2781 1742 3274 1825 interpretanda
3331 1742 3412 1807 ab
3467 1742 3741 1808 66616616
3796 1743 3858 1827 5,
3917 1746 4063 1812 533.
4197 1755 4266 1812 et

2395 1827 2657 1910 quidem
2739 1825 2822 1891 ad
2896 1827 3264 1912 analogiam
3340 1827 3495 1892 fidei
3574 1829 3631 1913 1,
3697 1829 3843 1895 970.
3966 1833 4029 1915 2,
4112 1833 4260 1899 978.

2396 1911 2674 1996 legenda
2709 1913 2790 1978 ab
2835 1913 3143 1978 omnibus
3188 1913 3248 1996 9,
3297 1914 3440 1979 787.
3551 1915 3877 1998 lipporum
3922 1919 4263 2002 specillum

2397 1999 2459 2083 2,
2504 1999 2608 2064 53.
2697 1999 2994 2065 veritatis
3038 2000 3183 2064 fons
3228 2010 3296 2063 et
3339 2021 3567 2065 norma
3610 2002 3671 2084 9,
3716 2001 3843 2067 533
3884 2024 3977 2087 sq.
4067 2003 4261 2070 Vete-

2395 2088 2490 2150 ris
2550 2085 2949 2150 Testamenti
2998 2083 3375 2151 authentica
3430 2087 3488 2169 1,
3548 2087 3693 2153 298.
3826 2088 3980 2171 quid
4038 2090 4263 2156 doceat

2398 2169 2478 2236 de
2524 2170 2712 2236 Deo?
2765 2173 2822 2255 1,
2866 2170 3012 2236 303.
3113 2171 3175 2253 2,
3220 2172 3324 2236 53.
3372 2173 3474 2237 62.
3573 2194 3700 2257 quo
3743 2195 3941 2240 sensu
3983 2175 4265 2242 liberum

2396 2256 2739 2321 arbitrium
2792 2256 3084 2322 asserat?
3141 2259 3202 2341 6,
3257 2258 3385 2323 327
3439 2280 3532 2341 sq.

2397 2341 2760 2408 utendum?
2807 2343 2870 2426 9,
2916 2343 3044 2408 823
3088 2365 3180 2426 sq.

2310 2518 2393 2529 —
2442 2478 2821 2563 Scripturas
2880 2480 3121 2546 abusus
3165 2501 3204 2545 a
3247 2481 3539 2548 conciliis
3594 2480 3938 2549 damnatus
3998 2485 4057 2568 7,
4115 2485 4261 2551 410.

2396 2566 2754 2649 antiquitas
2817 2566 2876 2649 1,
2921 2566 3068 2632 297.
3195 2567 3256 2651 2,
3303 2568 3405 2632 62.
3529 2567 3847 2634 autoritas
3901 2591 4158 2635 summa
4201 2572 4264 2656 6,

2396 2652 2545 2717 276.
2651 2672 2784 2716 666
2828 2653 2909 2716 ab
2952 2651 3223 2717 ecclesia
3271 2653 3329 2735 1,
3373 2653 3520 2719 293.
3625 2655 3688 2736 2,
3733 2654 3835 2720 56.
3925 2677 3965 2721 6
4009 2654 4266 2738 Spiritu

2398 2759 2449 2803 s.
2497 2738 2844 2804 testificata
2882 2738 2941 2820 1,
2978 2738 3125 2804 295.
3215 2739 3277 2822 2,
3313 2739 3416 2804 56.
3496 2742 3902 2824 argumentis
3934 2740 4267 2808 vindicata

2397 2824 2461 2907 2,
2521 2824 2623 2889 61.
2748 2824 2810 2906 6,
2879 2824 3007 2889 268
3067 2845 3153 2890 66.

3655 2260 3977 2342 quomodo
4034 2261 4263 2329 eadem

3287 2826 3562 2907 probata
3616 2845 3701 2890 ex
3770 2828 4264 2894 conservatione

2397 2910 2460 2994 2,
2506 2910 2608 2975 68.
2670 2918 2782 2975 'ex
2824 2909 3159 2995 martyriis
3195 2911 3257 2993 2,
3295 2912 3397 2977 68.
3485 2921 3962 2996 contemptores
4010 2914 4069 2998 1,
4113 2914 4261 2979 301.

2397 2996 2685 3075 dignitas
2739 3004 2803 3059 et
2847 2995 2994 3061 laus
3040 2997 3101 3080 9,
3148 2997 3293 3063 823.
3424 2998 3878 3080 interpretatio
3930 2999 4163 3065 ouius?
4202 3001 4260 3086 1,

2397 3082 2544 3148 646.
2631 3082 2694 3166 2,
2741 3081 2886 3148 865.
2975 3083 3037 3166 6,
3081 3083 3211 3149 270
3253 3105 3336 3150 ss.
3427 3082 3531 3170 (of.
3577 3082 4087 3172 Interpretatio).
4132 3085 4264 3154 leo-

2398 3169 2492 3234 tio
2545 3190 2584 3233 a
2626 3169 2896 3234 concilio
2949 3169 3335 3234 Tridentino
3391 3170 3846 3236 commendata
3890 3172 3950 3254 7,
3993 3174 4116 3237 421
4166 3195 4259 3256 sq.

2395 3275 2599 3319 nasus
2646 3274 2873 3320 cereus
2919 3256 2978 3338 7,
3022 3255 3125 3320 31.
3171 3256 3318 3321 412.
3448 3257 3629 3338 origo
3687 3258 3961 3322 historia
4001 3267 4070 3323 et
4109 3260 4262 3325 finis

2399 3342 2463 3423 6,
2503 3341 2631 3406 273
2676 3360 2769 3424 sq.
2900 3342 3330 3424 perspicuitas
3365 3343 3426 3424 6,
3468 3343 3613 3408 269.
3735 3363 3971 3425 scopus
4018 3346 4076 3428 1,
4112 3345 4259 3411 292.
4312 3371 4321 3380 ·

2398 3427 2778 3510 simplicitas
2835 3426 3088 3492 inculta
3134 3429 3192 3509 1,
3237 3428 3384 3493 296.
3508 3429 3570 3512 2,
3616 3429 3695 3494 61
3745 3451 3836 3512 sq.
3970 3430 4263 3496 studium

2397 3513 2570 3595 apud
2644 3519 3079 3595 protestantes
3147 3515 3407 3597 insigne
3466 3513 3526 3600 5,
3583 3513 3729 3580 395.
3864 3516 4263 3582 sufficientia

2397 3598 2460 3681 9,
2498 3598 2642 3663 533.
2732 3600 2973 3664 veritas
3017 3597 3336 3682 quomodo
3372 3600 3865 3685 cognoscenda?
3906 3602 3965 3686 1,
4000 3603 4130 3668 294
4163 3623 4257 3685 sq.

2395 3684 2675 3750 virtutes
2713 3685 2774 3767 1,
2817 3684 2964 3749 296.

2310 3819 2819 3971 *qsffiigmm
2867 3821 3313 3905 supposititiae
3357 3822 3439 3888 ab
3484 3821 3753 3890 ecclesia
3795 3822 4263 3893 discernendae

2444 3955 2462 3990 ,
2629 3958 2642 3972 .

2314 4041 2814 4128 Sculpturae
2857 4043 3003 4126 lege
3048 4043 3407 4128 prohibitae
3456 4046 3514 4130 1,
3559 4046 3705 4113 386.
3829 4067 4054 4113 earum
4098 4048 4261 4133 legi-

2398 4131 2603 4195 timus
2645 4151 2806 4195 usus
2847 4130 2911 4212 2,
2958 4130 3059 4196 83.

2314 4267 2741 4335 Sectarum
2784 4267 3136 4333 multitudo
3182 4289 3394 4352 neque
3453 4269 3761 4350 apostolis
3802 4291 4013 4355 neque
4055 4272 4258 4338 refor-

2396 4353 2760 4419 matoribus
2803 4355 2962 4417 vitio
3007 4354 3325 4420 vertenda
3366 4355 3428 4436 9,
3473 4354 3603 4420 464
3643 4378 3728 4421 66.

2314 4490 2842 4558 Secundinus
2890 4491 3180 4556 Arianus
3225 4492 3286 4574 6,
3331 4491 3477 4558 528.

2314 4628 2419 4695 Se
2443 4628 2581 4694 des
2624 4626 2980 4712 apostolica
3019 4629 3198 4693 omni
3241 4628 3388 4713 lege
3431 4631 3729 4713 superior
3771 4631 3834 4715 5,
3877 4632 4022 4697 503.

2314 4783 2603 4852 Semen
2653 4782 2958 4848 Abrahae
2998 4783 3062 4867 2,
3106 4784 3252 4850 248.
3298 4783 3443 4849 350.
3545 4783 3961 4853 benedictum
4007 4789 4067 4872 1,
4117 4788 4258 4853 109.

2399 4868 2678 4935 Davidis
2721 4868 2784 4951 2,
2827 4867 2974 4933 350.
3106 4871 3561 4954 generativum
3620 4892 3705 4936 an
3749 4882 3818 4937 et
3858 4874 4153 4939 mulieris
4195 4874 4258 4958 2,

2399 4957 2545 5022 351.
2672 4956 2918 5039 peceati
2961 4955 3031 5019 in
3084 4956 3448 5022 infantibus
3489 4957 3550 5034 2,
3598 4958 3742 5024 183.
3861 4959 4259 5025 sacerdotale

2398 5042 2687 5108 maxime
2743 5040 3133 5107 foecundum
3191 5041 3251 5124 7,
3297 5042 3441 5107 670.
3575 5044 3758 5110 verbi
3816 5045 3874 5128 1,
3919 5045 4062 5110 945.
4194 5046 4258 5129 2,

2314 5280 3219 5367 Semipelagianismus
3263 5280 3575 5349 ecclesiae
3618 5282 3974 5349 catholicae
4008 5282 4071 5367 5,
4107 5282 4256 5352 587.

2399 5370 2540 5434 6166
2582 5369 2762 5453 origo
2802 5368 2863 5452 7,
2905 5368 3052 5434 441.
