<?xml version="1.0" encoding="UTF-8"?>
<!DOCTYPE html PUBLIC "-//W3C//DTD XHTML 1.0 Transitional//EN"
    "http://www.w3.org/TR/xhtml1/DTD/xhtml1-transitional.dtd">
<html xmlns="http://www.w3.org/1999/xhtml" xml:lang="en" lang="en">
 <head>
  <title>
</title>
<meta http-equiv="Content-Type" content="text/html;charset=utf-8" />
  <meta name='ocr-system' content='tesseract 3.04.00' />
  <meta name='ocr-capabilities' content='ocr_page ocr_carea ocr_par ocr_line ocrx_word'/>
</head>
<body>
  <div class='ocr_page' id='page_1' title='image "./ioanniscalvinio11unkngoog/ioanniscalvinio11unkngoog_0114.png"; bbox 0 0 4842 6175; ppageno 0'>
   <div class='ocr_carea' id='block_1_1' title="bbox 497 414 695 538">
    <p class='ocr_par' dir='ltr' id='par_1_1' title="bbox 497 414 695 538">
     <span class='ocr_line' id='line_1_1' title="bbox 497 414 695 538; baseline 0.01 -2"><span class='ocrx_word' id='word_1_1' title='bbox 497 414 695 538; x_wconf 55' lang='grc' dir='ltr'><strong>ς100</strong></span> 
     </span>
    </p>
   </div>
   <div class='ocr_carea' id='block_1_2' title="bbox 562 654 2523 828">
    <p class='ocr_par' dir='ltr' id='par_1_2' title="bbox 562 654 2523 828">
     <span class='ocr_line' id='line_1_2' title="bbox 562 654 2523 739; baseline -0.003 -14"><span class='ocrx_word' id='word_1_2' title='bbox 562 656 989 725; x_wconf 87' lang='lat' dir='ltr'><strong>Parentes</strong></span> <span class='ocrx_word' id='word_1_3' title='bbox 1030 654 1397 724; x_wconf 88' lang='lat' dir='ltr'><strong>honorandi</strong></span> <span class='ocrx_word' id='word_1_4' title='bbox 1440 656 1501 735; x_wconf 91' lang='lat'><strong>1,</strong></span> <span class='ocrx_word' id='word_1_5' title='bbox 1536 656 1621 722; x_wconf 89' lang='lat'><strong>38</strong></span> <span class='ocrx_word' id='word_1_6' title='bbox 1644 676 1738 739; x_wconf 89' lang='lat' dir='ltr'>sq.</span> <span class='ocrx_word' id='word_1_7' title='bbox 1827 654 1887 735; x_wconf 92' lang='lat'><strong>5,</strong></span> <span class='ocrx_word' id='word_1_8' title='bbox 1923 654 2070 723; x_wconf 85' lang='lat'>329.</span> <span class='ocrx_word' id='word_1_9' title='bbox 2158 655 2523 721; x_wconf 76' lang='lat' dir='ltr'><strong>Parentum</strong></span> 
     </span>
     <span class='ocr_line' id='line_1_3' title="bbox 653 740 2522 828; baseline -0.003 -18"><span class='ocrx_word' id='word_1_10' title='bbox 653 744 923 810; x_wconf 87' lang='lat' dir='ltr'><strong>nomine</strong></span> <span class='ocrx_word' id='word_1_11' title='bbox 966 744 1079 828; x_wconf 89' lang='lat' dir='ltr'><strong>qui</strong></span> <span class='ocrx_word' id='word_1_12' title='bbox 1123 740 1710 809; x_wconf 68' lang='lat' dir='ltr'><strong>commendentur?</strong></span> <span class='ocrx_word' id='word_1_13' title='bbox 1757 742 1814 822; x_wconf 94' lang='lat' dir='ltr'><strong>l,</strong></span> <span class='ocrx_word' id='word_1_14' title='bbox 1860 741 2007 807; x_wconf 87' lang='lat'>406.</span> <span class='ocrx_word' id='word_1_15' title='bbox 2097 741 2158 819; x_wconf 93' lang='lat'><strong>2,</strong></span> <span class='ocrx_word' id='word_1_16' title='bbox 2203 741 2349 807; x_wconf 91' lang='lat'>292.</span> <span class='ocrx_word' id='word_1_17' title='bbox 2419 762 2522 807; x_wconf 88' lang='lat' dir='ltr'><strong>er-</strong></span> 
     </span>
    </p>
   </div>
   <div class='ocr_carea' id='block_1_3' title="bbox 651 826 2520 999">
    <p class='ocr_par' dir='ltr' id='par_1_3' title="bbox 651 826 2520 999">
     <span class='ocr_line' id='line_1_4' title="bbox 655 826 2520 915; baseline -0.002 -20"><span class='ocrx_word' id='word_1_18' title='bbox 655 851 742 915; x_wconf 83' lang='lat' dir='ltr'><strong>ga</strong></span> <span class='ocrx_word' id='word_1_19' title='bbox 784 830 1026 895; x_wconf 90' lang='lat' dir='ltr'><strong>liberos</strong></span> <span class='ocrx_word' id='word_1_20' title='bbox 1072 827 1290 894; x_wconf 91' lang='lat' dir='ltr'><strong>debita</strong></span> <span class='ocrx_word' id='word_1_21' title='bbox 1348 828 1405 908; x_wconf 94' lang='lat'><strong>1,</strong></span> <span class='ocrx_word' id='word_1_22' title='bbox 1450 828 1555 893; x_wconf 88' lang='lat'><strong>41.</strong></span> <span class='ocrx_word' id='word_1_23' title='bbox 1664 828 1747 894; x_wconf 89' lang='lat' dir='ltr'><strong>iis</strong></span> <span class='ocrx_word' id='word_1_24' title='bbox 1793 826 2051 910; x_wconf 84' lang='lat' dir='ltr'><strong>quando</strong></span> <span class='ocrx_word' id='word_1_25' title='bbox 2089 848 2229 903; x_wconf 73' lang='lat' dir='ltr'><strong>,non</strong></span> <span class='ocrx_word' id='word_1_26' title='bbox 2274 827 2520 892; x_wconf 87' lang='lat' dir='ltr'><strong>obtem-</strong></span> 
     </span>
     <span class='ocr_line' id='line_1_5' title="bbox 651 913 1703 999; baseline -0.003 -18"><span class='ocrx_word' id='word_1_27' title='bbox 651 914 1064 999; x_wconf 83' lang='lat' dir='ltr'><strong>perandum?</strong></span> <span class='ocrx_word' id='word_1_28' title='bbox 1114 916 1170 996; x_wconf 95' lang='lat'><strong>1,</strong></span> <span class='ocrx_word' id='word_1_29' title='bbox 1216 914 1362 981; x_wconf 88' lang='lat'>408.</span> <span class='ocrx_word' id='word_1_30' title='bbox 1452 914 1513 997; x_wconf 92' lang='grc'><strong>2,</strong></span> <span class='ocrx_word' id='word_1_31' title='bbox 1558 913 1703 979; x_wconf 92' lang='grc'><strong>294.</strong></span> 
     </span>
    </p>
   </div>
   <div class='ocr_carea' id='block_1_4' title="bbox 566 1048 2521 1204">
    <p class='ocr_par' dir='ltr' id='par_1_4' title="bbox 566 1048 2521 1204">
     <span class='ocr_line' id='line_1_6' title="bbox 566 1048 2521 1204; baseline -0.004 -83"><span class='ocrx_word' id='word_1_32' title='bbox 566 1051 1170 1204; x_wconf 53' lang='grc' dir='ltr'><strong>Ρῗξΐοὴίυιιω</strong></span> <span class='ocrx_word' id='word_1_33' title='bbox 1218 1051 1590 1118; x_wconf 68' lang='lat' dir='ltr'><strong>distributio</strong></span> <span class='ocrx_word' id='word_1_34' title='bbox 1635 1051 2004 1119; x_wconf 88' lang='lat' dir='ltr'><strong>neccssaria</strong></span> <span class='ocrx_word' id='word_1_35' title='bbox 2049 1050 2105 1131; x_wconf 94' lang='lat'><strong>1,</strong></span> <span class='ocrx_word' id='word_1_36' title='bbox 2125 1049 2270 1116; x_wconf 90' lang='lat'>566.</span> <span class='ocrx_word' id='word_1_37' title='bbox 2364 1048 2521 1129; x_wconf 94' lang='lat' dir='ltr'><strong>10b,</strong></span> 
     </span>
    </p>
   </div>
   <div class='ocr_carea' id='block_1_5' title="bbox 563 1271 2518 1441">
    <p class='ocr_par' dir='ltr' id='par_1_5' title="bbox 563 1271 2518 1441">
     <span class='ocr_line' id='line_1_7' title="bbox 563 1271 2518 1357; baseline -0.004 -13"><span class='ocrx_word' id='word_1_38' title='bbox 563 1275 1021 1344; x_wconf 91' lang='lat' dir='ltr'><strong>Paschatis</strong></span> <span class='ocrx_word' id='word_1_39' title='bbox 1066 1283 1546 1340; x_wconf 84' lang='lat' dir='ltr'><strong>sacramentum</strong></span> <span class='ocrx_word' id='word_1_40' title='bbox 1604 1273 1665 1349; x_wconf 88' lang='grc'><strong>9,</strong></span> <span class='ocrx_word' id='word_1_41' title='bbox 1712 1274 1841 1340; x_wconf 89' lang='grc'><strong>684</strong></span> <span class='ocrx_word' id='word_1_42' title='bbox 1885 1295 1978 1357; x_wconf 88' lang='lat' dir='ltr'>sq.</span> <span class='ocrx_word' id='word_1_43' title='bbox 2089 1271 2518 1340; x_wconf 87' lang='lat' dir='ltr'><strong>abominatio-</strong></span> 
     </span>
     <span class='ocr_line' id='line_1_8' title="bbox 652 1358 2514 1441; baseline -0.002 -14"><span class='ocrx_word' id='word_1_44' title='bbox 652 1384 772 1429; x_wconf 89' lang='lat' dir='ltr'><strong>nes</strong></span> <span class='ocrx_word' id='word_1_45' title='bbox 817 1363 877 1441; x_wconf 88' lang='lat'><strong>6,</strong></span> <span class='ocrx_word' id='word_1_46' title='bbox 922 1361 1070 1428; x_wconf 92' lang='lat'>557.</span> <span class='ocrx_word' id='word_1_47' title='bbox 1153 1382 1303 1429; x_wconf 93' lang='lat' dir='ltr'><strong>cum</strong></span> <span class='ocrx_word' id='word_1_48' title='bbox 1348 1379 1550 1427; x_wconf 89' lang='lat' dir='ltr'><strong>coena</strong></span> <span class='ocrx_word' id='word_1_49' title='bbox 1594 1360 1850 1426; x_wconf 85' lang='lat' dir='ltr'><strong>collatio</strong></span> <span class='ocrx_word' id='word_1_50' title='bbox 1897 1361 1955 1439; x_wconf 93' lang='lat'><strong>1,</strong></span> <span class='ocrx_word' id='word_1_51' title='bbox 1985 1359 2130 1426; x_wconf 90' lang='lat'>990.</span> <span class='ocrx_word' id='word_1_52' title='bbox 2216 1359 2277 1440; x_wconf 87' lang='grc'><strong>2,</strong></span> <span class='ocrx_word' id='word_1_53' title='bbox 2326 1358 2514 1424; x_wconf 89' lang='grc'><strong>1001.</strong></span> 
     </span>
    </p>
   </div>
   <div class='ocr_carea' id='block_1_6' title="bbox 561 1497 1577 1664">
    <p class='ocr_par' dir='ltr' id='par_1_6' title="bbox 561 1497 1577 1664">
     <span class='ocr_line' id='line_1_9' title="bbox 561 1497 1577 1580; baseline -0.006 -11"><span class='ocrx_word' id='word_1_54' title='bbox 561 1500 857 1569; x_wconf 80' lang='lat' dir='ltr'><strong>Passio</strong></span> <span class='ocrx_word' id='word_1_55' title='bbox 901 1498 1154 1567; x_wconf 89' lang='lat' dir='ltr'><strong>Christi</strong></span> <span class='ocrx_word' id='word_1_56' title='bbox 1200 1499 1259 1580; x_wconf 93' lang='lat'><strong>1,</strong></span> <span class='ocrx_word' id='word_1_57' title='bbox 1282 1498 1386 1565; x_wconf 88' lang='lat'><strong>69.</strong></span> <span class='ocrx_word' id='word_1_58' title='bbox 1432 1497 1577 1563; x_wconf 88' lang='grc'><strong>526.</strong></span> 
     </span>
     <span class='ocr_line' id='line_1_10' title="bbox 651 1586 1158 1664; baseline -0.004 -12"><span class='ocrx_word' id='word_1_59' title='bbox 651 1587 860 1653; x_wconf 83' lang='lat' dir='ltr'><strong>fectus</strong></span> <span class='ocrx_word' id='word_1_60' title='bbox 907 1587 966 1664; x_wconf 95' lang='lat'>1,</span> <span class='ocrx_word' id='word_1_61' title='bbox 1013 1586 1158 1650; x_wconf 94' lang='lat'>167.</span> 
     </span>
    </p>
   </div>
   <div class='ocr_carea' id='block_1_7' title="bbox 563 1717 2517 2146">
    <p class='ocr_par' dir='ltr' id='par_1_7' title="bbox 563 1717 2517 2146">
     <span class='ocr_line' id='line_1_11' title="bbox 563 1717 2516 1802; baseline -0.003 -13"><span class='ocrx_word' id='word_1_62' title='bbox 563 1721 968 1790; x_wconf 89' lang='lat' dir='ltr'><strong>Pastores</strong></span> <span class='ocrx_word' id='word_1_63' title='bbox 1023 1721 1084 1798; x_wconf 87' lang='lat'><strong>5,</strong></span> <span class='ocrx_word' id='word_1_64' title='bbox 1147 1722 1293 1788; x_wconf 87' lang='lat'>351.</span> <span class='ocrx_word' id='word_1_65' title='bbox 1404 1719 1755 1787; x_wconf 85' lang='lat' dir='ltr'><strong>necessarii</strong></span> <span class='ocrx_word' id='word_1_66' title='bbox 1810 1721 1870 1798; x_wconf 88' lang='lat'><strong>6,</strong></span> <span class='ocrx_word' id='word_1_67' title='bbox 1929 1719 2072 1785; x_wconf 93' lang='lat'>109.</span> <span class='ocrx_word' id='word_1_68' title='bbox 2186 1742 2226 1784; x_wconf 91' lang='lat' dir='ltr'><strong>a</strong></span> <span class='ocrx_word' id='word_1_69' title='bbox 2280 1717 2516 1802; x_wconf 91' lang='lat' dir='ltr'><strong>quibus</strong></span> 
     </span>
     <span class='ocr_line' id='line_1_12' title="bbox 653 1804 2516 1894; baseline -0.002 -20"><span class='ocrx_word' id='word_1_70' title='bbox 653 1808 984 1894; x_wconf 82' lang='lat' dir='ltr'><strong>eligendi?</strong></span> <span class='ocrx_word' id='word_1_71' title='bbox 1034 1810 1091 1888; x_wconf 91' lang='lat'><strong>1,</strong></span> <span class='ocrx_word' id='word_1_72' title='bbox 1135 1809 1261 1874; x_wconf 92' lang='lat'>578</span> <span class='ocrx_word' id='word_1_73' title='bbox 1294 1828 1387 1888; x_wconf 92' lang='lat' dir='ltr'><strong>sq.</strong></span> <span class='ocrx_word' id='word_1_74' title='bbox 1434 1806 1822 1873; x_wconf 80' lang='lat' dir='ltr'><strong>confessioni</strong></span> <span class='ocrx_word' id='word_1_75' title='bbox 1863 1804 2276 1888; x_wconf 75' lang='lat' dir='ltr'><strong>recipiendae</strong></span> <span class='ocrx_word' id='word_1_76' title='bbox 2318 1825 2516 1889; x_wconf 66' lang='lat' dir='ltr'><strong>appo⁴</strong></span> 
     </span>
     <span class='ocr_line' id='line_1_13' title="bbox 651 1891 2517 1977; baseline -0.004 -16"><span class='ocrx_word' id='word_1_77' title='bbox 651 1897 762 1961; x_wconf 91' lang='lat' dir='ltr'><strong>siti</strong></span> <span class='ocrx_word' id='word_1_78' title='bbox 831 1896 889 1975; x_wconf 86' lang='lat'>1,</span> <span class='ocrx_word' id='word_1_79' title='bbox 938 1895 1081 1960; x_wconf 90' lang='lat'>703.</span> <span class='ocrx_word' id='word_1_80' title='bbox 1192 1895 1252 1976; x_wconf 89' lang='grc'><strong>2,</strong></span> <span class='ocrx_word' id='word_1_81' title='bbox 1293 1894 1441 1959; x_wconf 87' lang='grc'><strong>466.</strong></span> <span class='ocrx_word' id='word_1_82' title='bbox 1551 1893 1741 1977; x_wconf 80' lang='lat' dir='ltr'><strong>pravi</strong></span> <span class='ocrx_word' id='word_1_83' title='bbox 1804 1892 2150 1977; x_wconf 83' lang='lat' dir='ltr'><strong>evangelio</strong></span> <span class='ocrx_word' id='word_1_84' title='bbox 2206 1891 2517 1955; x_wconf 87' lang='lat' dir='ltr'><strong>iniuriam</strong></span> 
     </span>
     <span class='ocr_line' id='line_1_14' title="bbox 649 1977 2514 2064; baseline -0.003 -16"><span class='ocrx_word' id='word_1_85' title='bbox 649 1982 903 2049; x_wconf 87' lang='lat' dir='ltr'><strong>faciunt</strong></span> <span class='ocrx_word' id='word_1_86' title='bbox 946 1982 1006 2060; x_wconf 90' lang='lat'><strong>8,</strong></span> <span class='ocrx_word' id='word_1_87' title='bbox 1050 1981 1153 2047; x_wconf 90' lang='lat'><strong>51.</strong></span> <span class='ocrx_word' id='word_1_88' title='bbox 1238 1981 1459 2064; x_wconf 84' lang='lat' dir='ltr'><strong>gregis</strong></span> <span class='ocrx_word' id='word_1_89' title='bbox 1500 1987 1916 2062; x_wconf 78' lang='lat' dir='ltr'><strong>corruptores</strong></span> <span class='ocrx_word' id='word_1_90' title='bbox 1963 1980 2020 2059; x_wconf 92' lang='lat'><strong>1,</strong></span> <span class='ocrx_word' id='word_1_91' title='bbox 2046 1978 2191 2043; x_wconf 90' lang='grc'><strong>641.</strong></span> <span class='ocrx_word' id='word_1_92' title='bbox 2278 1978 2337 2058; x_wconf 89' lang='grc'><strong>2,</strong></span> <span class='ocrx_word' id='word_1_93' title='bbox 2368 1977 2514 2043; x_wconf 87' lang='grc'><strong>860.</strong></span> 
     </span>
     <span class='ocr_line' id='line_1_15' title="bbox 652 2064 1648 2146; baseline -0.004 -14"><span class='ocrx_word' id='word_1_94' title='bbox 652 2067 870 2133; x_wconf 87' lang='lat' dir='ltr'><strong>alendi</strong></span> <span class='ocrx_word' id='word_1_95' title='bbox 912 2066 996 2133; x_wconf 92' lang='lat' dir='ltr'><strong>ab</strong></span> <span class='ocrx_word' id='word_1_96' title='bbox 1040 2067 1313 2133; x_wconf 89' lang='lat' dir='ltr'><strong>ecclesia</strong></span> <span class='ocrx_word' id='word_1_97' title='bbox 1358 2066 1459 2146; x_wconf 92' lang='lat'>10,</span> <span class='ocrx_word' id='word_1_98' title='bbox 1502 2064 1648 2130; x_wconf 90' lang='grc'><strong>262.</strong></span> 
     </span>
    </p>
   </div>
   <div class='ocr_carea' id='block_1_8' title="bbox 567 2198 2521 2798">
    <p class='ocr_par' dir='ltr' id='par_1_8' title="bbox 567 2198 2521 2798">
     <span class='ocr_line' id='line_1_16' title="bbox 567 2198 2514 2279; baseline -0.002 -10"><span class='ocrx_word' id='word_1_99' title='bbox 567 2236 651 2253; x_wconf 90' lang='lat'><strong>--</strong></span> <span class='ocrx_word' id='word_1_100' title='bbox 697 2204 1049 2269; x_wconf 81' lang='lat' dir='ltr'><strong>Pastorum</strong></span> <span class='ocrx_word' id='word_1_101' title='bbox 1095 2210 1164 2267; x_wconf 88' lang='lat' dir='ltr'><strong>et</strong></span> <span class='ocrx_word' id='word_1_102' title='bbox 1206 2202 1548 2267; x_wconf 85' lang='lat' dir='ltr'><strong>doct-orum</strong></span> <span class='ocrx_word' id='word_1_103' title='bbox 1585 2199 1936 2265; x_wconf 88' lang='lat' dir='ltr'><strong>discrimen</strong></span> <span class='ocrx_word' id='word_1_104' title='bbox 1975 2201 2029 2279; x_wconf 97' lang='lat'><strong>1,</strong></span> <span class='ocrx_word' id='word_1_105' title='bbox 2053 2198 2198 2265; x_wconf 93' lang='lat'>564.</span> <span class='ocrx_word' id='word_1_106' title='bbox 2285 2200 2345 2279; x_wconf 89' lang='grc'><strong>2,</strong></span> <span class='ocrx_word' id='word_1_107' title='bbox 2371 2200 2514 2266; x_wconf 92' lang='lat'>780.</span> 
     </span>
     <span class='ocr_line' id='line_1_17' title="bbox 651 2284 2519 2371; baseline -0.004 -14"><span class='ocrx_word' id='word_1_108' title='bbox 651 2310 803 2357; x_wconf 92' lang='lat' dir='ltr'><strong>cum</strong></span> <span class='ocrx_word' id='word_1_109' title='bbox 849 2290 1160 2371; x_wconf 89' lang='lat' dir='ltr'><strong>apostolis</strong></span> <span class='ocrx_word' id='word_1_110' title='bbox 1204 2288 1462 2354; x_wconf 89' lang='lat' dir='ltr'><strong>collatio</strong></span> <span class='ocrx_word' id='word_1_111' title='bbox 1507 2287 1564 2366; x_wconf 92' lang='lat'><strong>1,</strong></span> <span class='ocrx_word' id='word_1_112' title='bbox 1615 2284 1756 2351; x_wconf 89' lang='grc'><strong>185.</strong></span> <span class='ocrx_word' id='word_1_113' title='bbox 1804 2284 1948 2351; x_wconf 88' lang='grc'><strong>565.</strong></span> <span class='ocrx_word' id='word_1_114' title='bbox 2039 2286 2100 2365; x_wconf 89' lang='grc'><strong>2,</strong></span> <span class='ocrx_word' id='word_1_115' title='bbox 2137 2286 2278 2352; x_wconf 93' lang='grc'><strong>781.</strong></span> <span class='ocrx_word' id='word_1_116' title='bbox 2370 2287 2519 2351; x_wconf 87' lang='lat' dir='ltr'><strong>offi-</strong></span> 
     </span>
     <span class='ocr_line' id='line_1_18' title="bbox 650 2370 2521 2455; baseline -0.003 -14"><span class='ocrx_word' id='word_1_117' title='bbox 650 2376 752 2441; x_wconf 90' lang='lat' dir='ltr'><strong>cia</strong></span> <span class='ocrx_word' id='word_1_118' title='bbox 800 2375 858 2455; x_wconf 90' lang='lat'>1,</span> <span class='ocrx_word' id='word_1_119' title='bbox 900 2376 1053 2441; x_wconf 77' lang='grc'><strong>216..</strong></span> <span class='ocrx_word' id='word_1_120' title='bbox 1094 2373 1240 2441; x_wconf 87' lang='grc'><strong>565.</strong></span> <span class='ocrx_word' id='word_1_121' title='bbox 1330 2374 1390 2451; x_wconf 89' lang='grc'><strong>2,</strong></span> <span class='ocrx_word' id='word_1_122' title='bbox 1439 2372 1582 2437; x_wconf 89' lang='grc'><strong>781.</strong></span> <span class='ocrx_word' id='word_1_123' title='bbox 1673 2370 1732 2450; x_wconf 92' lang='grc'><strong>5,</strong></span> <span class='ocrx_word' id='word_1_124' title='bbox 1779 2371 1908 2437; x_wconf 87' lang='grc'><strong>319</strong></span> <span class='ocrx_word' id='word_1_125' title='bbox 1951 2392 2043 2454; x_wconf 89' lang='lat' dir='ltr'><strong>sq.</strong></span> <span class='ocrx_word' id='word_1_126' title='bbox 2131 2371 2205 2436; x_wconf 91' lang='lat' dir='ltr'><strong>in</strong></span> <span class='ocrx_word' id='word_1_127' title='bbox 2249 2372 2521 2438; x_wconf 85' lang='lat' dir='ltr'><strong>ecclesia</strong></span> 
     </span>
     <span class='ocr_line' id='line_1_19' title="bbox 652 2457 2516 2545; baseline -0.003 -17"><span class='ocrx_word' id='word_1_128' title='bbox 652 2460 975 2528; x_wconf 87' lang='lat' dir='ltr'><strong>catholica</strong></span> <span class='ocrx_word' id='word_1_129' title='bbox 1015 2460 1313 2545; x_wconf 88' lang='lat' dir='ltr'><strong>neglecta</strong></span> <span class='ocrx_word' id='word_1_130' title='bbox 1357 2459 1415 2539; x_wconf 87' lang='lat'><strong>6,</strong></span> <span class='ocrx_word' id='word_1_131' title='bbox 1439 2458 1584 2524; x_wconf 90' lang='lat'>513.</span> <span class='ocrx_word' id='word_1_132' title='bbox 1673 2468 1901 2523; x_wconf 81' lang='lat' dir='ltr'><strong>contra</strong></span> <span class='ocrx_word' id='word_1_133' title='bbox 1940 2457 2240 2523; x_wconf 83' lang='lat' dir='ltr'><strong>haereses</strong></span> <span class='ocrx_word' id='word_1_134' title='bbox 2287 2459 2343 2538; x_wconf 87' lang='grc'><strong>7,</strong></span> <span class='ocrx_word' id='word_1_135' title='bbox 2372 2457 2516 2523; x_wconf 91' lang='grc'><strong>150.</strong></span> 
     </span>
     <span class='ocr_line' id='line_1_20' title="bbox 652 2543 2520 2628; baseline -0.001 -16"><span class='ocrx_word' id='word_1_136' title='bbox 652 2566 813 2612; x_wconf 84' lang='lat' dir='ltr'><strong>cura</strong></span> <span class='ocrx_word' id='word_1_137' title='bbox 854 2547 1030 2613; x_wconf 87' lang='lat' dir='ltr'><strong>circa</strong></span> <span class='ocrx_word' id='word_1_138' title='bbox 1072 2568 1226 2612; x_wconf 86' lang='lat' dir='ltr'><strong>oves</strong></span> <span class='ocrx_word' id='word_1_139' title='bbox 1271 2553 1340 2611; x_wconf 84' lang='lat' dir='ltr'><strong>et</strong></span> <span class='ocrx_word' id='word_1_140' title='bbox 1380 2545 1569 2628; x_wconf 90' lang='lat' dir='ltr'><strong>lupos</strong></span> <span class='ocrx_word' id='word_1_141' title='bbox 1626 2543 1685 2625; x_wconf 88' lang='lat'><strong>5,</strong></span> <span class='ocrx_word' id='word_1_142' title='bbox 1731 2543 1876 2611; x_wconf 90' lang='grc'><strong>296.</strong></span> <span class='ocrx_word' id='word_1_143' title='bbox 1978 2544 2294 2610; x_wconf 83' lang='lat' dir='ltr'><strong>autoritas</strong></span> <span class='ocrx_word' id='word_1_144' title='bbox 2344 2543 2520 2610; x_wconf 89' lang='lat' dir='ltr'><strong>unde</strong></span> 
     </span>
     <span class='ocr_line' id='line_1_21' title="bbox 655 2629 2518 2716; baseline -0.002 -17"><span class='ocrx_word' id='word_1_145' title='bbox 655 2640 724 2699; x_wconf 88' lang='lat' dir='ltr'><strong>et</strong></span> <span class='ocrx_word' id='word_1_146' title='bbox 767 2631 1020 2716; x_wconf 82' lang='lat' dir='ltr'><strong>qualis?</strong></span> <span class='ocrx_word' id='word_1_147' title='bbox 1067 2631 1126 2713; x_wconf 92' lang='lat'><strong>5,</strong></span> <span class='ocrx_word' id='word_1_148' title='bbox 1172 2631 1319 2697; x_wconf 91' lang='lat'>404.</span> <span class='ocrx_word' id='word_1_149' title='bbox 1424 2629 1718 2695; x_wconf 86' lang='lat' dir='ltr'><strong>doctrina</strong></span> <span class='ocrx_word' id='word_1_150' title='bbox 1761 2650 1927 2713; x_wconf 87' lang='lat' dir='ltr'><strong>pura</strong></span> <span class='ocrx_word' id='word_1_151' title='bbox 1979 2629 2039 2708; x_wconf 91' lang='lat'><strong>5,</strong></span> <span class='ocrx_word' id='word_1_152' title='bbox 2082 2629 2229 2695; x_wconf 87' lang='grc'><strong>560.</strong></span> <span class='ocrx_word' id='word_1_153' title='bbox 2275 2650 2518 2695; x_wconf 91' lang='lat' dir='ltr'><strong>nomen</strong></span> 
     </span>
     <span class='ocr_line' id='line_1_22' title="bbox 654 2717 1305 2798; baseline -0.002 -14"><span class='ocrx_word' id='word_1_154' title='bbox 654 2730 719 2785; x_wconf 84' lang='lat' dir='ltr'><strong>et</strong></span> <span class='ocrx_word' id='word_1_155' title='bbox 765 2737 1010 2784; x_wconf 90' lang='lat' dir='ltr'><strong>munus</strong></span> <span class='ocrx_word' id='word_1_156' title='bbox 1053 2717 1114 2798; x_wconf 92' lang='lat'><strong>5,</strong></span> <span class='ocrx_word' id='word_1_157' title='bbox 1160 2718 1305 2784; x_wconf 84' lang='lat'>284.</span> 
     </span>
    </p>
   </div>
   <div class='ocr_carea' id='block_1_9' title="bbox 567 2852 2127 2936">
    <p class='ocr_par' dir='ltr' id='par_1_9' title="bbox 567 2852 2127 2936">
     <span class='ocr_line' id='line_1_23' title="bbox 567 2852 2127 2936; baseline -0.002 -15"><span class='ocrx_word' id='word_1_158' title='bbox 567 2856 827 2922; x_wconf 86' lang='lat' dir='ltr'><strong>Pater</strong></span> <span class='ocrx_word' id='word_1_159' title='bbox 869 2855 1052 2921; x_wconf 90' lang='lat' dir='ltr'><strong>Dens</strong></span> <span class='ocrx_word' id='word_1_160' title='bbox 1100 2856 1156 2936; x_wconf 88' lang='lat'><strong>1,</strong></span> <span class='ocrx_word' id='word_1_161' title='bbox 1196 2855 1299 2920; x_wconf 92' lang='grc'><strong>90.</strong></span> <span class='ocrx_word' id='word_1_162' title='bbox 1344 2852 1491 2921; x_wconf 88' lang='grc'><strong>924.</strong></span> <span class='ocrx_word' id='word_1_163' title='bbox 1581 2852 1641 2934; x_wconf 92' lang='grc'><strong>5,</strong></span> <span class='ocrx_word' id='word_1_164' title='bbox 1685 2853 1833 2919; x_wconf 88' lang='grc'><strong>345.</strong></span> <span class='ocrx_word' id='word_1_165' title='bbox 1919 2855 1980 2933; x_wconf 91' lang='grc'><strong>6,</strong></span> <span class='ocrx_word' id='word_1_166' title='bbox 2024 2853 2127 2919; x_wconf 91' lang='grc'><strong>93.</strong></span> 
     </span>
    </p>
   </div>
   <div class='ocr_carea' id='block_1_10' title="bbox 568 2989 2515 3247">
    <p class='ocr_par' dir='ltr' id='par_1_10' title="bbox 568 2989 2515 3247">
     <span class='ocr_line' id='line_1_24' title="bbox 568 2989 2515 3081; baseline -0.002 -25"><span class='ocrx_word' id='word_1_167' title='bbox 568 2991 1007 3081; x_wconf 73' lang='lat' dir='ltr'><strong>Patientia</strong></span> <span class='ocrx_word' id='word_1_168' title='bbox 1048 2991 1108 3073; x_wconf 94' lang='grc'><strong>1,</strong></span> <span class='ocrx_word' id='word_1_169' title='bbox 1152 2990 1254 3058; x_wconf 89' lang='grc'><strong>52.</strong></span> <span class='ocrx_word' id='word_1_170' title='bbox 1303 2990 1447 3056; x_wconf 94' lang='grc'><strong>101.</strong></span> <span class='ocrx_word' id='word_1_171' title='bbox 1534 2989 1825 3055; x_wconf 87' lang='lat' dir='ltr'><strong>caritatis</strong></span> <span class='ocrx_word' id='word_1_172' title='bbox 1872 2990 1930 3069; x_wconf 88' lang='lat'><strong>1,</strong></span> <span class='ocrx_word' id='word_1_173' title='bbox 1958 2991 2144 3055; x_wconf 92' lang='grc'><strong>1131.</strong></span> <span class='ocrx_word' id='word_1_174' title='bbox 2234 2989 2515 3070; x_wconf 88' lang='lat' dir='ltr'><strong>philoso-</strong></span> 
     </span>
     <span class='ocr_line' id='line_1_25' title="bbox 654 3075 2515 3160; baseline 0.001 -18"><span class='ocrx_word' id='word_1_175' title='bbox 654 3078 848 3159; x_wconf 87' lang='lat' dir='ltr'><strong>phica</strong></span> <span class='ocrx_word' id='word_1_176' title='bbox 890 3089 958 3142; x_wconf 89' lang='lat' dir='ltr'><strong>et</strong></span> <span class='ocrx_word' id='word_1_177' title='bbox 1000 3078 1361 3144; x_wconf 83' lang='lat' dir='ltr'><strong>christiana</strong></span> <span class='ocrx_word' id='word_1_178' title='bbox 1429 3076 1487 3156; x_wconf 91' lang='lat'><strong>1,</strong></span> <span class='ocrx_word' id='word_1_179' title='bbox 1545 3075 1731 3142; x_wconf 92' lang='grc'><strong>1137.</strong></span> <span class='ocrx_word' id='word_1_180' title='bbox 1803 3075 1971 3141; x_wconf 89' lang='lat'>1140</span> <span class='ocrx_word' id='word_1_181' title='bbox 2035 3099 2130 3160; x_wconf 91' lang='lat' dir='ltr'><strong>sq.</strong></span> <span class='ocrx_word' id='word_1_182' title='bbox 2240 3077 2300 3154; x_wconf 91' lang='grc'><strong>2,</strong></span> <span class='ocrx_word' id='word_1_183' title='bbox 2368 3076 2515 3143; x_wconf 89' lang='grc'><strong>516.</strong></span> 
     </span>
     <span class='ocr_line' id='line_1_26' title="bbox 653 3163 2368 3247; baseline -0.001 -17"><span class='ocrx_word' id='word_1_184' title='bbox 653 3163 782 3231; x_wconf 89' lang='grc'><strong>520</strong></span> <span class='ocrx_word' id='word_1_185' title='bbox 824 3187 919 3247; x_wconf 91' lang='lat' dir='ltr'><strong>sq.</strong></span> <span class='ocrx_word' id='word_1_186' title='bbox 1010 3166 1152 3230; x_wconf 89' lang='lat' dir='ltr'><strong>eius</strong></span> <span class='ocrx_word' id='word_1_187' title='bbox 1196 3163 1280 3230; x_wconf 87' lang='lat' dir='ltr'><strong>ad</strong></span> <span class='ocrx_word' id='word_1_188' title='bbox 1325 3163 1687 3247; x_wconf 90' lang='lat' dir='ltr'><strong>potentiam</strong></span> <span class='ocrx_word' id='word_1_189' title='bbox 1733 3163 1860 3228; x_wconf 87' lang='lat' dir='ltr'><strong>Dei</strong></span> <span class='ocrx_word' id='word_1_190' title='bbox 1904 3164 2072 3228; x_wconf 87' lang='lat' dir='ltr'><strong>ratio</strong></span> <span class='ocrx_word' id='word_1_191' title='bbox 2115 3164 2174 3243; x_wconf 88' lang='lat'><strong>9,</strong></span> <span class='ocrx_word' id='word_1_192' title='bbox 2222 3163 2368 3229; x_wconf 85' lang='lat'>307.</span> 
     </span>
    </p>
   </div>
   <div class='ocr_carea' id='block_1_11' title="bbox 1665 1495 2514 1563">
    <p class='ocr_par' dir='ltr' id='par_1_11' title="bbox 1665 1495 2514 1563">
     <span class='ocr_line' id='line_1_27' title="bbox 1665 1495 2514 1563; baseline -0.002 0"><span class='ocrx_word' id='word_1_193' title='bbox 1665 1496 2056 1563; x_wconf 88' lang='lat' dir='ltr'><strong>Passionum</strong></span> <span class='ocrx_word' id='word_1_194' title='bbox 2103 1495 2355 1562; x_wconf 82' lang='lat' dir='ltr'><strong>Christi</strong></span> <span class='ocrx_word' id='word_1_195' title='bbox 2403 1495 2514 1562; x_wconf 92' lang='lat' dir='ltr'><strong>de-</strong></span> 
     </span>
    </p>
   </div>
   <div class='ocr_carea' id='block_1_12' title="bbox 1387 2716 2162 2783">
    <p class='ocr_par' dir='ltr' id='par_1_12' title="bbox 1387 2716 2162 2783">
     <span class='ocr_line' id='line_1_28' title="bbox 1387 2716 2162 2783; baseline 0 -1"><span class='ocrx_word' id='word_1_196' title='bbox 1387 2716 1468 2783; x_wconf 88' lang='lat' dir='ltr'><strong>cf.</strong></span> <span class='ocrx_word' id='word_1_197' title='bbox 1518 2718 1715 2780; x_wconf 88' lang='lat' dir='ltr'><strong>etiam</strong></span> <span class='ocrx_word' id='word_1_198' title='bbox 1760 2717 2162 2782; x_wconf 84' lang='lat' dir='ltr'><strong>Ministri.</strong></span> 
     </span>
    </p>
   </div>
   <div class='ocr_carea' id='block_1_13' title="bbox 562 3316 2373 3418">
    <p class='ocr_par' dir='ltr' id='par_1_13' title="bbox 562 3316 2373 3418">
     <span class='ocr_line' id='line_1_29' title="bbox 562 3316 2373 3418; baseline 0.001 -35"><span class='ocrx_word' id='word_1_199' title='bbox 562 3316 625 3418; x_wconf 84' lang='lat' dir='ltr'><strong>P</strong></span> <span class='ocrx_word' id='word_1_200' title='bbox 640 3339 680 3383; x_wconf 91' lang='lat' dir='ltr'><strong>a</strong></span> <span class='ocrx_word' id='word_1_201' title='bbox 691 3326 720 3384; x_wconf 91' lang='lat' dir='ltr'><strong>t</strong></span> <span class='ocrx_word' id='word_1_202' title='bbox 734 3319 758 3383; x_wconf 92' lang='lat' dir='ltr'><strong>i</strong></span> <span class='ocrx_word' id='word_1_203' title='bbox 772 3341 817 3383; x_wconf 92' lang='lat' dir='ltr'><strong>n</strong></span> <span class='ocrx_word' id='word_1_204' title='bbox 832 3340 870 3385; x_wconf 95' lang='lat' dir='ltr'><strong>o</strong></span> <span class='ocrx_word' id='word_1_205' title='bbox 881 3341 913 3385; x_wconf 91' lang='lat' dir='ltr'><strong>s</strong></span> <span class='ocrx_word' id='word_1_206' title='bbox 930 3326 1006 3385; x_wconf 89' lang='lat' dir='ltr'><strong>tr</strong></span> <span class='ocrx_word' id='word_1_207' title='bbox 1018 3339 1104 3385; x_wconf 91' lang='lat' dir='ltr'><strong>ae</strong></span> <span class='ocrx_word' id='word_1_208' title='bbox 1147 3316 1555 3383; x_wconf 88' lang='lat' dir='ltr'><strong>idololatriae</strong></span> <span class='ocrx_word' id='word_1_209' title='bbox 1598 3317 2038 3392; x_wconf 86' lang='lat' dir='ltr'><strong>instrumenta</strong></span> <span class='ocrx_word' id='word_1_210' title='bbox 2085 3317 2183 3398; x_wconf 89' lang='lat'>10,</span> <span class='ocrx_word' id='word_1_211' title='bbox 2227 3319 2373 3385; x_wconf 92' lang='grc'><strong>261.</strong></span> 
     </span>
    </p>
   </div>
   <div class='ocr_carea' id='block_1_14' title="bbox 564 3471 2523 4413">
    <p class='ocr_par' dir='ltr' id='par_1_14' title="bbox 564 3471 2523 4413">
     <span class='ocr_line' id='line_1_30' title="bbox 564 3471 2517 3574; baseline -0.002 -33"><span class='ocrx_word' id='word_1_212' title='bbox 564 3474 864 3573; x_wconf 77' lang='lat' dir='ltr'><strong>Patres</strong></span> <span class='ocrx_word' id='word_1_213' title='bbox 898 3474 976 3574; x_wconf 33' lang='lat' dir='ltr'><strong>‘in</strong></span> <span class='ocrx_word' id='word_1_214' title='bbox 1020 3494 1260 3574; x_wconf 75' lang='lat' dir='ltr'><strong>coenae</strong></span> <span class='ocrx_word' id='word_1_215' title='bbox 1302 3474 1513 3539; x_wconf 86' lang='lat' dir='ltr'><strong>forma</strong></span> <span class='ocrx_word' id='word_1_216' title='bbox 1556 3478 1782 3538; x_wconf 88' lang='lat' dir='ltr'><strong>errant</strong></span> <span class='ocrx_word' id='word_1_217' title='bbox 1828 3472 1884 3550; x_wconf 92' lang='lat'><strong>1,</strong></span> <span class='ocrx_word' id='word_1_218' title='bbox 1933 3471 2118 3537; x_wconf 86' lang='lat'>1034.</span> <span class='ocrx_word' id='word_1_219' title='bbox 2219 3474 2281 3553; x_wconf 92' lang='grc'><strong>2,</strong></span> <span class='ocrx_word' id='word_1_220' title='bbox 2330 3474 2517 3541; x_wconf 89' lang='grc'><strong>1059.</strong></span> 
     </span>
     <span class='ocr_line' id='line_1_31' title="bbox 655 3558 2520 3728; baseline 0 -18"><span class='ocrx_word' id='word_1_221' title='bbox 655 3558 1870 3728; x_wconf 44' lang='lat' dir='ltr'><strong>ffiffeugffififfissssfflffaffliffi*</strong></span> <span class='ocrx_word' id='word_1_222' title='bbox 1910 3558 2173 3728; x_wconf 54' lang='grc' dir='ltr'><strong>10ῗῇ</strong></span> <span class='ocrx_word' id='word_1_223' title='bbox 2189 3580 2520 3711; x_wconf 47' lang='grc' dir='ltr'><strong>(1ἓὲπὲεέ</strong></span> 
     </span>
     <span class='ocr_line' id='line_1_32' title="bbox 660 3694 2523 3814; baseline 0.001 -19"><span class='ocrx_word' id='word_1_224' title='bbox 660 3732 739 3796; x_wconf 88' lang='grc'><strong>17</strong></span> <span class='ocrx_word' id='word_1_225' title='bbox 806 3752 901 3814; x_wconf 92' lang='lat' dir='ltr'><strong>sq.</strong></span> <span class='ocrx_word' id='word_1_226' title='bbox 1011 3733 1069 3812; x_wconf 89' lang='lat'><strong>8,</strong></span> <span class='ocrx_word' id='word_1_227' title='bbox 1139 3732 1241 3797; x_wconf 92' lang='lat'><strong>76.</strong></span> <span class='ocrx_word' id='word_1_228' title='bbox 1353 3732 1434 3795; x_wconf 90' lang='lat' dir='ltr'><strong>ab</strong></span> <span class='ocrx_word' id='word_1_229' title='bbox 1500 3694 1897 3814; x_wconf 85' lang='lat' dir='ltr'><strong>evangelicis</strong></span> <span class='ocrx_word' id='word_1_230' title='bbox 1963 3698 2397 3797; x_wconf 80' lang='lat' dir='ltr'><strong>aestimantur</strong></span> <span class='ocrx_word' id='word_1_231' title='bbox 2454 3695 2523 3797; x_wconf 64' lang='lat' dir='ltr'><strong>et</strong></span> 
     </span>
     <span class='ocr_line' id='line_1_33' title="bbox 657 3815 2517 3897; baseline 0.003 -18"><span class='ocrx_word' id='word_1_232' title='bbox 657 3817 1077 3882; x_wconf 88' lang='lat' dir='ltr'><strong>vindicantur</strong></span> <span class='ocrx_word' id='word_1_233' title='bbox 1139 3817 1201 3895; x_wconf 90' lang='grc'><strong>9,</strong></span> <span class='ocrx_word' id='word_1_234' title='bbox 1243 3816 1390 3881; x_wconf 88' lang='grc'><strong>434.</strong></span> <span class='ocrx_word' id='word_1_235' title='bbox 1500 3818 1572 3880; x_wconf 93' lang='lat' dir='ltr'><strong>in</strong></span> <span class='ocrx_word' id='word_1_236' title='bbox 1618 3815 1913 3881; x_wconf 81' lang='lat' dir='ltr'><strong>formulis</strong></span> <span class='ocrx_word' id='word_1_237' title='bbox 1959 3818 2219 3881; x_wconf 86' lang='lat' dir='ltr'><strong>variant</strong></span> <span class='ocrx_word' id='word_1_238' title='bbox 2266 3818 2323 3897; x_wconf 95' lang='lat'>1,</span> <span class='ocrx_word' id='word_1_239' title='bbox 2369 3818 2517 3885; x_wconf 89' lang='grc'><strong>494.</strong></span> 
     </span>
     <span class='ocr_line' id='line_1_34' title="bbox 656 3901 2521 3988; baseline 0.001 -21"><span class='ocrx_word' id='word_1_240' title='bbox 656 3902 1043 3986; x_wconf 90' lang='lat' dir='ltr'><strong>quandoque</strong></span> <span class='ocrx_word' id='word_1_241' title='bbox 1085 3903 1334 3968; x_wconf 84' lang='lat' dir='ltr'><strong>utiliter</strong></span> <span class='ocrx_word' id='word_1_242' title='bbox 1376 3901 1646 3967; x_wconf 87' lang='lat' dir='ltr'><strong>obscure</strong></span> <span class='ocrx_word' id='word_1_243' title='bbox 1689 3902 2044 3985; x_wconf 88' lang='lat' dir='ltr'><strong>loquuntur</strong></span> <span class='ocrx_word' id='word_1_244' title='bbox 2089 3902 2145 3981; x_wconf 92' lang='grc'><strong>7,</strong></span> <span class='ocrx_word' id='word_1_245' title='bbox 2173 3904 2315 3969; x_wconf 88' lang='grc'><strong>710.</strong></span> <span class='ocrx_word' id='word_1_246' title='bbox 2405 3925 2521 3988; x_wconf 90' lang='lat' dir='ltr'><strong>pa-</strong></span> 
     </span>
     <span class='ocr_line' id='line_1_35' title="bbox 656 3986 2521 4074; baseline 0.001 -19"><span class='ocrx_word' id='word_1_247' title='bbox 656 3989 842 4074; x_wconf 86' lang='lat' dir='ltr'><strong>patui</strong></span> <span class='ocrx_word' id='word_1_248' title='bbox 883 4010 1018 4053; x_wconf 92' lang='lat' dir='ltr'><strong>non</strong></span> <span class='ocrx_word' id='word_1_249' title='bbox 1059 3989 1284 4056; x_wconf 83' lang='lat' dir='ltr'><strong>favent</strong></span> <span class='ocrx_word' id='word_1_250' title='bbox 1327 3989 1387 4064; x_wconf 94' lang='lat'><strong>8,</strong></span> <span class='ocrx_word' id='word_1_251' title='bbox 1421 3988 1521 4052; x_wconf 91' lang='grc'><strong>76.</strong></span> <span class='ocrx_word' id='word_1_252' title='bbox 1606 3986 1687 4050; x_wconf 88' lang='lat' dir='ltr'><strong>de</strong></span> <span class='ocrx_word' id='word_1_253' title='bbox 1729 3986 2322 4068; x_wconf 86' lang='lat' dir='ltr'><strong>praedestinatione</strong></span> <span class='ocrx_word' id='word_1_254' title='bbox 2366 4001 2521 4056; x_wconf 86' lang='lat' dir='ltr'><strong>ante</strong></span> 
     </span>
     <span class='ocr_line' id='line_1_36' title="bbox 657 4071 2518 4159; baseline 0.001 -18"><span class='ocrx_word' id='word_1_255' title='bbox 657 4075 1105 4159; x_wconf 83' lang='lat' dir='ltr'><strong>Augustinum</strong></span> <span class='ocrx_word' id='word_1_256' title='bbox 1171 4095 1404 4158; x_wconf 90' lang='lat' dir='ltr'><strong>parum</strong></span> <span class='ocrx_word' id='word_1_257' title='bbox 1456 4071 1783 4139; x_wconf 89' lang='lat' dir='ltr'><strong>subtiliter</strong></span> <span class='ocrx_word' id='word_1_258' title='bbox 1841 4072 2181 4156; x_wconf 86' lang='lat' dir='ltr'><strong>disputant</strong></span> <span class='ocrx_word' id='word_1_259' title='bbox 2251 4076 2310 4154; x_wconf 87' lang='lat'><strong>8,</strong></span> <span class='ocrx_word' id='word_1_260' title='bbox 2370 4076 2518 4143; x_wconf 91' lang='grc'><strong>265.</strong></span> 
     </span>
     <span class='ocr_line' id='line_1_37' title="bbox 658 4158 2518 4242; baseline 0.002 -16"><span class='ocrx_word' id='word_1_261' title='bbox 658 4160 739 4227; x_wconf 83' lang='grc'><strong>(10</strong></span> <span class='ocrx_word' id='word_1_262' title='bbox 804 4161 1116 4227; x_wconf 90' lang='lat' dir='ltr'><strong>sacrificio</strong></span> <span class='ocrx_word' id='word_1_263' title='bbox 1180 4161 1416 4226; x_wconf 90' lang='lat' dir='ltr'><strong>missae</strong></span> <span class='ocrx_word' id='word_1_264' title='bbox 1481 4158 1786 4242; x_wconf 88' lang='lat' dir='ltr'><strong>ambigue</strong></span> <span class='ocrx_word' id='word_1_265' title='bbox 1850 4159 2214 4242; x_wconf 87' lang='lat' dir='ltr'><strong>loquuntur</strong></span> <span class='ocrx_word' id='word_1_266' title='bbox 2271 4161 2326 4242; x_wconf 87' lang='grc'><strong>7,</strong></span> <span class='ocrx_word' id='word_1_267' title='bbox 2371 4162 2518 4229; x_wconf 90' lang='grc'><strong>645.</strong></span> 
     </span>
     <span class='ocr_line' id='line_1_38' title="bbox 659 4244 2521 4413; baseline 0.002 -102"><span class='ocrx_word' id='word_1_268' title='bbox 659 4247 1048 4413; x_wconf 54' lang='grc' dir='ltr'><strong>ἓῗτέρέἓηω</strong></span> <span class='ocrx_word' id='word_1_269' title='bbox 1115 4267 1263 4313; x_wconf 89' lang='lat' dir='ltr'><strong>cum</strong></span> <span class='ocrx_word' id='word_1_270' title='bbox 1338 4244 1753 4328; x_wconf 86' lang='lat' dir='ltr'><strong>philosophia</strong></span> <span class='ocrx_word' id='word_1_271' title='bbox 1828 4245 2172 4311; x_wconf 85' lang='lat' dir='ltr'><strong>conciliare</strong></span> <span class='ocrx_word' id='word_1_272' title='bbox 2249 4246 2521 4315; x_wconf 87' lang='lat' dir='ltr'><strong>student</strong></span> 
     </span>
    </p>
   </div>
   <div class='ocr_carea' id='block_1_15' title="bbox 576 4466 2521 4890">
    <p class='ocr_par' dir='ltr' id='par_1_15' title="bbox 576 4466 2521 4890">
     <span class='ocr_line' id='line_1_39' title="bbox 576 4466 2516 4550; baseline 0.001 -14"><span class='ocrx_word' id='word_1_273' title='bbox 576 4507 658 4519; x_wconf 95' lang='lat'>—</span> <span class='ocrx_word' id='word_1_274' title='bbox 704 4471 978 4536; x_wconf 89' lang='lat' dir='ltr'><strong>Patrum</strong></span> <span class='ocrx_word' id='word_1_275' title='bbox 1023 4471 1341 4535; x_wconf 84' lang='lat' dir='ltr'><strong>autoritas</strong></span> <span class='ocrx_word' id='word_1_276' title='bbox 1386 4469 1453 4534; x_wconf 90' lang='lat' dir='ltr'><strong>in</strong></span> <span class='ocrx_word' id='word_1_277' title='bbox 1501 4466 1570 4534; x_wconf 85' lang='lat' dir='ltr'><strong>S.</strong></span> <span class='ocrx_word' id='word_1_278' title='bbox 1617 4490 1668 4534; x_wconf 90' lang='lat' dir='ltr'><strong>s.</strong></span> <span class='ocrx_word' id='word_1_279' title='bbox 1714 4468 2211 4550; x_wconf 86' lang='lat' dir='ltr'><strong>interpretanda</strong></span> <span class='ocrx_word' id='word_1_280' title='bbox 2265 4470 2325 4545; x_wconf 86' lang='lat'><strong>5,</strong></span> <span class='ocrx_word' id='word_1_281' title='bbox 2371 4471 2516 4538; x_wconf 84' lang='lat'>535.</span> 
     </span>
     <span class='ocr_line' id='line_1_40' title="bbox 662 4553 2521 4643; baseline 0.001 -22"><span class='ocrx_word' id='word_1_282' title='bbox 662 4565 891 4622; x_wconf 87' lang='lat' dir='ltr'><strong>contra</strong></span> <span class='ocrx_word' id='word_1_283' title='bbox 935 4555 1275 4643; x_wconf 79' lang='lat' dir='ltr'><strong>Christum</strong></span> <span class='ocrx_word' id='word_1_284' title='bbox 1320 4554 1503 4619; x_wconf 89' lang='lat' dir='ltr'><strong>nulla</strong></span> <span class='ocrx_word' id='word_1_285' title='bbox 1553 4553 1610 4632; x_wconf 94' lang='grc'><strong>7,</strong></span> <span class='ocrx_word' id='word_1_286' title='bbox 1658 4554 1802 4619; x_wconf 90' lang='grc'><strong>645.</strong></span> <span class='ocrx_word' id='word_1_287' title='bbox 1906 4553 2143 4635; x_wconf 84' lang='lat' dir='ltr'><strong>placita</strong></span> <span class='ocrx_word' id='word_1_288' title='bbox 2189 4556 2269 4621; x_wconf 89' lang='lat' dir='ltr'><strong>de</strong></span> <span class='ocrx_word' id='word_1_289' title='bbox 2311 4555 2521 4624; x_wconf 89' lang='lat' dir='ltr'><strong>libero</strong></span> 
     </span>
     <span class='ocr_line' id='line_1_41' title="bbox 661 4639 2520 4724; baseline -0.001 -16"><span class='ocrx_word' id='word_1_290' title='bbox 661 4643 928 4708; x_wconf 89' lang='lat' dir='ltr'><strong>arbitrio</strong></span> <span class='ocrx_word' id='word_1_291' title='bbox 976 4642 1033 4720; x_wconf 93' lang='lat'><strong>1,</strong></span> <span class='ocrx_word' id='word_1_292' title='bbox 1077 4641 1224 4708; x_wconf 88' lang='lat'><strong>316.</strong></span> <span class='ocrx_word' id='word_1_293' title='bbox 1304 4642 1366 4721; x_wconf 92' lang='grc'><strong>2,</strong></span> <span class='ocrx_word' id='word_1_294' title='bbox 1414 4640 1557 4705; x_wconf 93' lang='grc'><strong>188.</strong></span> <span class='ocrx_word' id='word_1_295' title='bbox 1647 4641 1706 4719; x_wconf 90' lang='grc'><strong>6,</strong></span> <span class='ocrx_word' id='word_1_296' title='bbox 1750 4640 1895 4705; x_wconf 88' lang='grc'><strong>279.</strong></span> <span class='ocrx_word' id='word_1_297' title='bbox 1942 4639 2087 4705; x_wconf 88' lang='grc'><strong>290.</strong></span> <span class='ocrx_word' id='word_1_298' title='bbox 2178 4640 2259 4706; x_wconf 89' lang='lat' dir='ltr'><strong>de</strong></span> <span class='ocrx_word' id='word_1_299' title='bbox 2302 4644 2520 4724; x_wconf 88' lang='lat' dir='ltr'><strong>provi-</strong></span> 
     </span>
     <span class='ocr_line' id='line_1_42' title="bbox 659 4725 2519 4878; baseline 0 -86"><span class='ocrx_word' id='word_1_300' title='bbox 659 4727 882 4794; x_wconf 87' lang='lat' dir='ltr'><strong>dentia</strong></span> <span class='ocrx_word' id='word_1_301' title='bbox 924 4729 985 4807; x_wconf 92' lang='lat'><strong>6,</strong></span> <span class='ocrx_word' id='word_1_302' title='bbox 1027 4727 1174 4878; x_wconf 51' lang='lat'>2656.</span> <span class='ocrx_word' id='word_1_303' title='bbox 1260 4725 1341 4792; x_wconf 90' lang='lat' dir='ltr'><strong>de</strong></span> <span class='ocrx_word' id='word_1_304' title='bbox 1385 4727 1825 4792; x_wconf 84' lang='lat' dir='ltr'><strong>satisfactione</strong></span> <span class='ocrx_word' id='word_1_305' title='bbox 1872 4726 1929 4805; x_wconf 97' lang='lat'>1,</span> <span class='ocrx_word' id='word_1_306' title='bbox 1980 4726 2121 4791; x_wconf 90' lang='lat'><strong>174.</strong></span> <span class='ocrx_word' id='word_1_307' title='bbox 2219 4726 2299 4791; x_wconf 89' lang='lat' dir='ltr'><strong>de</strong></span> <span class='ocrx_word' id='word_1_308' title='bbox 2344 4739 2519 4793; x_wconf 83' lang='lat' dir='ltr'><strong>statu</strong></span> 
     </span>
     <span class='ocr_line' id='line_1_43' title="bbox 656 4813 1167 4890; baseline -0.006 -10"><span class='ocrx_word' id='word_1_309' title='bbox 656 4814 870 4880; x_wconf 87' lang='lat' dir='ltr'><strong>medio</strong></span> <span class='ocrx_word' id='word_1_310' title='bbox 914 4813 974 4890; x_wconf 89' lang='grc'><strong>5,</strong></span> <span class='ocrx_word' id='word_1_311' title='bbox 1019 4814 1101 4878; x_wconf 90' lang='grc'><strong>21</strong></span> <span class='ocrx_word' id='word_1_312' title='bbox 1153 4863 1167 4878; x_wconf 98' lang='grc'><strong>.</strong></span> 
     </span>
    </p>
   </div>
   <div class='ocr_carea' id='block_1_16' title="bbox 569 4947 2524 5465">
    <p class='ocr_par' dir='ltr' id='par_1_16' title="bbox 569 4947 2524 5465">
     <span class='ocr_line' id='line_1_44' title="bbox 569 4947 2521 5028; baseline -0.001 -9"><span class='ocrx_word' id='word_1_313' title='bbox 569 4950 1132 5019; x_wconf 87' lang='lat' dir='ltr'><strong>Patriarchae</strong></span> <span class='ocrx_word' id='word_1_314' title='bbox 1187 4949 1245 5028; x_wconf 93' lang='lat'>1,</span> <span class='ocrx_word' id='word_1_315' title='bbox 1300 4947 1445 5014; x_wconf 90' lang='grc'><strong>574.</strong></span> <span class='ocrx_word' id='word_1_316' title='bbox 1555 4949 1614 5028; x_wconf 89' lang='grc'><strong>2,</strong></span> <span class='ocrx_word' id='word_1_317' title='bbox 1659 4947 1804 5013; x_wconf 92' lang='grc'><strong>790.</strong></span> <span class='ocrx_word' id='word_1_318' title='bbox 1915 4947 2114 5013; x_wconf 85' lang='lat' dir='ltr'><strong>verbo</strong></span> <span class='ocrx_word' id='word_1_319' title='bbox 2169 4948 2521 5017; x_wconf 86' lang='lat' dir='ltr'><strong>illuminati</strong></span> 
     </span>
     <span class='ocr_line' id='line_1_45' title="bbox 663 5032 2524 5118; baseline 0.001 -17"><span class='ocrx_word' id='word_1_320' title='bbox 663 5037 719 5118; x_wconf 90' lang='lat'>1,</span> <span class='ocrx_word' id='word_1_321' title='bbox 743 5036 891 5101; x_wconf 90' lang='grc'><strong>292.</strong></span> <span class='ocrx_word' id='word_1_322' title='bbox 980 5033 1186 5100; x_wconf 89' lang='lat' dir='ltr'><strong>aDeo</strong></span> <span class='ocrx_word' id='word_1_323' title='bbox 1229 5036 1472 5100; x_wconf 86' lang='lat' dir='ltr'><strong>servati</strong></span> <span class='ocrx_word' id='word_1_324' title='bbox 1517 5035 1575 5113; x_wconf 89' lang='lat'><strong>8,</strong></span> <span class='ocrx_word' id='word_1_325' title='bbox 1600 5034 1702 5100; x_wconf 88' lang='grc'><strong>29.</strong></span> <span class='ocrx_word' id='word_1_326' title='bbox 1794 5032 1876 5098; x_wconf 87' lang='lat' dir='ltr'><strong>ab</strong></span> <span class='ocrx_word' id='word_1_327' title='bbox 1912 5034 2281 5100; x_wconf 87' lang='lat' dir='ltr'><strong>idololatria</strong></span> <span class='ocrx_word' id='word_1_328' title='bbox 2320 5037 2524 5102; x_wconf 90' lang='lat' dir='ltr'><strong>alieni</strong></span> 
     </span>
     <span class='ocr_line' id='line_1_46' title="bbox 657 5119 2520 5202; baseline 0 -13"><span class='ocrx_word' id='word_1_329' title='bbox 657 5123 717 5201; x_wconf 91' lang='grc'><strong>5,</strong></span> <span class='ocrx_word' id='word_1_330' title='bbox 755 5122 901 5188; x_wconf 90' lang='grc'><strong>247.</strong></span> <span class='ocrx_word' id='word_1_331' title='bbox 987 5121 1342 5187; x_wconf 87' lang='lat' dir='ltr'><strong>miserrimi</strong></span> <span class='ocrx_word' id='word_1_332' title='bbox 1376 5119 1710 5186; x_wconf 90' lang='lat' dir='ltr'><strong>hominum</strong></span> <span class='ocrx_word' id='word_1_333' title='bbox 1752 5122 1808 5197; x_wconf 92' lang='lat'><strong>1,</strong></span> <span class='ocrx_word' id='word_1_334' title='bbox 1849 5120 1975 5187; x_wconf 94' lang='grc'><strong>808</strong></span> <span class='ocrx_word' id='word_1_335' title='bbox 2010 5142 2095 5187; x_wconf 90' lang='grc'><strong>00.</strong></span> <span class='ocrx_word' id='word_1_336' title='bbox 2174 5122 2233 5202; x_wconf 90' lang='grc'><strong>2,</strong></span> <span class='ocrx_word' id='word_1_337' title='bbox 2270 5121 2400 5188; x_wconf 92' lang='grc'><strong>319</strong></span> <span class='ocrx_word' id='word_1_338' title='bbox 2435 5145 2520 5189; x_wconf 87' lang='grc'><strong>00.</strong></span> 
     </span>
     <span class='ocr_line' id='line_1_47' title="bbox 657 5205 2519 5292; baseline 0.001 -19"><span class='ocrx_word' id='word_1_339' title='bbox 657 5210 939 5292; x_wconf 86' lang='lat' dir='ltr'><strong>patriam</strong></span> <span class='ocrx_word' id='word_1_340' title='bbox 986 5221 1054 5272; x_wconf 85' lang='lat' dir='ltr'><strong>et</strong></span> <span class='ocrx_word' id='word_1_341' title='bbox 1097 5206 1564 5271; x_wconf 87' lang='lat' dir='ltr'><strong>haereditatem</strong></span> <span class='ocrx_word' id='word_1_342' title='bbox 1609 5216 1935 5289; x_wconf 90' lang='lat' dir='ltr'><strong>quaerunt</strong></span> <span class='ocrx_word' id='word_1_343' title='bbox 1966 5205 2026 5283; x_wconf 89' lang='grc'><strong>5,</strong></span> <span class='ocrx_word' id='word_1_344' title='bbox 2052 5207 2197 5272; x_wconf 90' lang='grc'><strong>218.</strong></span> <span class='ocrx_word' id='word_1_345' title='bbox 2291 5209 2348 5288; x_wconf 88' lang='grc'><strong>7,</strong></span> <span class='ocrx_word' id='word_1_346' title='bbox 2377 5209 2519 5275; x_wconf 90' lang='grc'><strong>133.</strong></span> 
     </span>
     <span class='ocr_line' id='line_1_48' title="bbox 658 5292 2522 5376; baseline 0.001 -17"><span class='ocrx_word' id='word_1_347' title='bbox 658 5303 726 5359; x_wconf 87' lang='lat' dir='ltr'><strong>et</strong></span> <span class='ocrx_word' id='word_1_348' title='bbox 766 5296 860 5359; x_wconf 91' lang='grc'><strong>010</strong></span> <span class='ocrx_word' id='word_1_349' title='bbox 904 5294 1079 5359; x_wconf 83' lang='lat' dir='ltr'><strong>vitae</strong></span> <span class='ocrx_word' id='word_1_350' title='bbox 1126 5293 1388 5359; x_wconf 87' lang='lat' dir='ltr'><strong>futurae</strong></span> <span class='ocrx_word' id='word_1_351' title='bbox 1436 5299 1634 5357; x_wconf 85' lang='lat' dir='ltr'><strong>testes</strong></span> <span class='ocrx_word' id='word_1_352' title='bbox 1676 5293 1825 5357; x_wconf 74' lang='lat' dir='ltr'><strong>ibid.</strong></span> <span class='ocrx_word' id='word_1_353' title='bbox 1866 5304 1932 5357; x_wconf 86' lang='lat' dir='ltr'><strong>et</strong></span> <span class='ocrx_word' id='word_1_354' title='bbox 1988 5292 2044 5369; x_wconf 92' lang='lat'><strong>1,</strong></span> <span class='ocrx_word' id='word_1_355' title='bbox 2091 5293 2217 5360; x_wconf 92' lang='lat'><strong>808</strong></span> <span class='ocrx_word' id='word_1_356' title='bbox 2263 5316 2345 5360; x_wconf 90' lang='lat' dir='ltr'><strong>ss.</strong></span> <span class='ocrx_word' id='word_1_357' title='bbox 2462 5296 2522 5376; x_wconf 88' lang='grc'><strong>2,</strong></span> 
     </span>
     <span class='ocr_line' id='line_1_49' title="bbox 656 5375 2521 5465; baseline 0.001 -19"><span class='ocrx_word' id='word_1_358' title='bbox 656 5381 785 5446; x_wconf 92' lang='grc'><strong>319</strong></span> <span class='ocrx_word' id='word_1_359' title='bbox 819 5400 903 5445; x_wconf 87' lang='grc'><strong>00.</strong></span> <span class='ocrx_word' id='word_1_360' title='bbox 992 5379 1075 5445; x_wconf 88' lang='lat' dir='ltr'><strong>ad</strong></span> <span class='ocrx_word' id='word_1_361' title='bbox 1117 5400 1395 5465; x_wconf 88' lang='lat' dir='ltr'><strong>regnum</strong></span> <span class='ocrx_word' id='word_1_362' title='bbox 1438 5375 1568 5444; x_wconf 90' lang='lat' dir='ltr'><strong>Dei</strong></span> <span class='ocrx_word' id='word_1_363' title='bbox 1612 5382 1908 5462; x_wconf 89' lang='lat' dir='ltr'><strong>aspirant</strong></span> <span class='ocrx_word' id='word_1_364' title='bbox 1943 5378 2004 5458; x_wconf 93' lang='lat'><strong>8,</strong></span> <span class='ocrx_word' id='word_1_365' title='bbox 2040 5378 2186 5445; x_wconf 88' lang='lat'>491.</span> <span class='ocrx_word' id='word_1_366' title='bbox 2276 5401 2521 5448; x_wconf 88' lang='lat' dir='ltr'><strong>meroe·</strong></span> 
     </span>
    </p>
   </div>
   <div class='ocr_carea' id='block_1_17' title="bbox 1798 466 3331 536">
    <p class='ocr_par' dir='ltr' id='par_1_17' title="bbox 1798 466 3331 536">
     <span class='ocr_line' id='line_1_50' title="bbox 1798 466 3331 536; baseline 0.001 -3"><span class='ocrx_word' id='word_1_367' title='bbox 1798 466 2103 534; x_wconf 82' lang='lat' dir='ltr'>INDEX</span> <span class='ocrx_word' id='word_1_368' title='bbox 2148 466 2816 536; x_wconf 73' lang='lat' dir='ltr'>THEOLOGIOUS</span> <span class='ocrx_word' id='word_1_369' title='bbox 2858 466 3331 535; x_wconf 83' lang='lat' dir='ltr'>PAR—PEC.</span> 
     </span>
    </p>
   </div>
   <div class='ocr_carea' id='block_1_18' title="bbox 2552 657 2594 5434">
    <p class='ocr_par' dir='ltr' id='par_1_18' title="bbox 2552 657 2594 5434">
     <span class='ocr_line' id='line_1_51' title="bbox 2552 657 2594 5434; baseline 0 0"><span class='ocrx_word' id='word_1_370' title='bbox 2552 657 2594 5434; x_wconf 95' lang='lat' dir='ltr'><strong> </strong></span> 
     </span>
    </p>
   </div>
   <div class='ocr_carea' id='block_1_19' title="bbox 2622 465 4544 723">
    <p class='ocr_par' dir='ltr' id='par_1_19' title="bbox 2622 465 4544 723">
     <span class='ocr_line' id='line_1_52' title="bbox 4434 465 4544 531; baseline 0 0"><span class='ocrx_word' id='word_1_371' title='bbox 4434 465 4544 531; x_wconf 91' lang='grc'><strong>200</strong></span> 
     </span>
     <span class='ocr_line' id='line_1_53' title="bbox 2622 655 3173 723; baseline 0 -1"><span class='ocrx_word' id='word_1_372' title='bbox 2622 655 3173 723; x_wconf 86' lang='lat' dir='ltr'><strong>Patriarchae</strong></span> 
     </span>
    </p>
   </div>
   <div class='ocr_carea' id='block_1_20' title="bbox 2707 792 4548 960">
    <p class='ocr_par' dir='ltr' id='par_1_20' title="bbox 2707 792 4548 960">
     <span class='ocr_line' id='line_1_54' title="bbox 2709 792 4548 877; baseline 0 -18"><span class='ocrx_word' id='word_1_373' title='bbox 2709 792 2859 859; x_wconf 92' lang='lat' dir='ltr'><strong>dem</strong></span> <span class='ocrx_word' id='word_1_374' title='bbox 2904 793 3150 859; x_wconf 87' lang='lat' dir='ltr'><strong>diutius</strong></span> <span class='ocrx_word' id='word_1_375' title='bbox 3194 799 3578 877; x_wconf 86' lang='lat' dir='ltr'><strong>exspectant</strong></span> <span class='ocrx_word' id='word_1_376' title='bbox 3622 792 3679 873; x_wconf 91' lang='lat'><strong>7,</strong></span> <span class='ocrx_word' id='word_1_377' title='bbox 3728 793 3871 858; x_wconf 91' lang='grc'><strong>126.</strong></span> <span class='ocrx_word' id='word_1_378' title='bbox 3961 812 4121 857; x_wconf 90' lang='lat' dir='ltr'><strong>num</strong></span> <span class='ocrx_word' id='word_1_379' title='bbox 4188 793 4548 859; x_wconf 86' lang='lat' dir='ltr'><strong>intercesso-</strong></span> 
     </span>
     <span class='ocr_line' id='line_1_55' title="bbox 2707 879 3616 960; baseline 0 -17"><span class='ocrx_word' id='word_1_380' title='bbox 2707 879 2860 946; x_wconf 83' lang='lat' dir='ltr'><strong>res?</strong></span> <span class='ocrx_word' id='word_1_381' title='bbox 2909 881 2965 960; x_wconf 93' lang='lat'><strong>1,</strong></span> <span class='ocrx_word' id='word_1_382' title='bbox 3011 880 3157 945; x_wconf 88' lang='lat'>916.</span> <span class='ocrx_word' id='word_1_383' title='bbox 3244 880 3304 959; x_wconf 90' lang='grc'><strong>2,</strong></span> <span class='ocrx_word' id='word_1_384' title='bbox 3350 879 3480 945; x_wconf 92' lang='grc'><strong>650</strong></span> <span class='ocrx_word' id='word_1_385' title='bbox 3523 899 3616 960; x_wconf 89' lang='lat' dir='ltr'>sq.</span> 
     </span>
    </p>
   </div>
   <div class='ocr_carea' id='block_1_21' title="bbox 2620 1015 4550 1254">
    <p class='ocr_par' dir='ltr' id='par_1_21' title="bbox 2620 1015 4550 1254">
     <span class='ocr_line' id='line_1_56' title="bbox 2620 1015 4550 1099; baseline 0.001 -19"><span class='ocrx_word' id='word_1_386' title='bbox 2620 1051 2704 1063; x_wconf 95' lang='lat'><em>-</em></span> <span class='ocrx_word' id='word_1_387' title='bbox 2748 1016 3271 1099; x_wconf 86' lang='lat' dir='ltr'><strong>patriarcharum</strong></span> <span class='ocrx_word' id='word_1_388' title='bbox 3316 1017 3490 1082; x_wconf 90' lang='lat' dir='ltr'><strong>bona</strong></span> <span class='ocrx_word' id='word_1_389' title='bbox 3531 1037 3728 1099; x_wconf 89' lang='lat' dir='ltr'><strong>opera</strong></span> <span class='ocrx_word' id='word_1_390' title='bbox 3770 1037 3853 1080; x_wconf 79' lang='lat' dir='ltr'><strong>ex</strong></span> <span class='ocrx_word' id='word_1_391' title='bbox 3896 1015 4024 1081; x_wconf 89' lang='lat' dir='ltr'><strong>fide</strong></span> <span class='ocrx_word' id='word_1_392' title='bbox 4082 1017 4138 1095; x_wconf 94' lang='lat'>1,</span> <span class='ocrx_word' id='word_1_393' title='bbox 4183 1016 4329 1082; x_wconf 88' lang='grc'><strong>832.</strong></span> <span class='ocrx_word' id='word_1_394' title='bbox 4435 1036 4550 1081; x_wconf 88' lang='lat' dir='ltr'><strong>sce-</strong></span> 
     </span>
     <span class='ocr_line' id='line_1_57' title="bbox 2705 1101 4547 1254; baseline 0 -87"><span class='ocrx_word' id='word_1_395' title='bbox 2705 1101 2851 1254; x_wconf 63' lang='lat' dir='ltr'>12ng</span> <span class='ocrx_word' id='word_1_396' title='bbox 2909 1102 3183 1169; x_wconf 89' lang='lat' dir='ltr'><strong>remissa</strong></span> <span class='ocrx_word' id='word_1_397' title='bbox 3251 1105 3306 1183; x_wconf 91' lang='lat'><strong>1,</strong></span> <span class='ocrx_word' id='word_1_398' title='bbox 3353 1102 3497 1169; x_wconf 90' lang='grc'><strong>675.</strong></span> <span class='ocrx_word' id='word_1_399' title='bbox 3618 1102 3678 1180; x_wconf 91' lang='grc'><strong>2,</strong></span> <span class='ocrx_word' id='word_1_400' title='bbox 3727 1102 3870 1167; x_wconf 94' lang='grc'><strong>764.</strong></span> <span class='ocrx_word' id='word_1_401' title='bbox 3981 1102 4357 1188; x_wconf 82' lang='lat' dir='ltr'><strong>polygamia</strong></span> <span class='ocrx_word' id='word_1_402' title='bbox 4411 1101 4547 1182; x_wconf 91' lang='lat' dir='ltr'>10b,</span> 
     </span>
    </p>
   </div>
   <div class='ocr_carea' id='block_1_22' title="bbox 2618 1322 4114 1405">
    <p class='ocr_par' dir='ltr' id='par_1_22' title="bbox 2618 1322 4114 1405">
     <span class='ocr_line' id='line_1_58' title="bbox 2618 1322 4114 1405; baseline 0.001 -16"><span class='ocrx_word' id='word_1_403' title='bbox 2618 1322 3233 1390; x_wconf 87' lang='lat' dir='ltr'><strong>Patrimonium</strong></span> <span class='ocrx_word' id='word_1_404' title='bbox 3278 1323 3584 1392; x_wconf 90' lang='lat' dir='ltr'><strong>ecclesiae</strong></span> <span class='ocrx_word' id='word_1_405' title='bbox 3631 1325 3687 1405; x_wconf 92' lang='lat'>1,</span> <span class='ocrx_word' id='word_1_406' title='bbox 3732 1325 3879 1391; x_wconf 90' lang='grc'><strong>222.</strong></span> <span class='ocrx_word' id='word_1_407' title='bbox 3929 1322 4114 1390; x_wconf 91' lang='grc'><strong>1059.</strong></span> 
     </span>
    </p>
   </div>
   <div class='ocr_carea' id='block_1_23' title="bbox 2619 1461 4556 1627">
    <p class='ocr_par' dir='ltr' id='par_1_23' title="bbox 2619 1461 4556 1627">
     <span class='ocr_line' id='line_1_59' title="bbox 2619 1461 4556 1614; baseline 0 -87"><span class='ocrx_word' id='word_1_408' title='bbox 2619 1461 3253 1614; x_wconf 50' lang='lat' dir='ltr'><strong>Ptgtrigagggani</strong></span> <span class='ocrx_word' id='word_1_409' title='bbox 3314 1476 3469 1528; x_wconf 88' lang='lat' dir='ltr'><strong>ante</strong></span> <span class='ocrx_word' id='word_1_410' title='bbox 3528 1462 3872 1529; x_wconf 90' lang='lat' dir='ltr'><strong>concilium</strong></span> <span class='ocrx_word' id='word_1_411' title='bbox 3928 1462 4289 1528; x_wconf 88' lang='lat' dir='ltr'><strong>Nicaenum</strong></span> <span class='ocrx_word' id='word_1_412' title='bbox 4352 1462 4556 1527; x_wconf 80' lang='lat' dir='ltr'><strong>confu-</strong></span> 
     </span>
     <span class='ocr_line' id='line_1_60' title="bbox 2803 1569 3119 1627; baseline 0.006 -16"><span class='ocrx_word' id='word_1_413' title='bbox 2803 1569 2823 1611; x_wconf 85' lang='lat'>1</span> <span class='ocrx_word' id='word_1_414' title='bbox 2911 1599 2927 1627; x_wconf 95' lang='lat'><strong>,</strong></span> <span class='ocrx_word' id='word_1_415' title='bbox 3106 1600 3119 1613; x_wconf 96' lang='lat'><strong>.</strong></span> 
     </span>
    </p>
   </div>
   <div class='ocr_carea' id='block_1_24' title="bbox 2618 1684 4476 1904">
    <p class='ocr_par' dir='ltr' id='par_1_24' title="bbox 2618 1684 4476 1904">
     <span class='ocr_line' id='line_1_61' title="bbox 2618 1684 4476 1769; baseline 0 -18"><span class='ocrx_word' id='word_1_416' title='bbox 2618 1684 2968 1751; x_wconf 88' lang='lat' dir='ltr'><strong>Patroni</strong></span> <span class='ocrx_word' id='word_1_417' title='bbox 3012 1705 3095 1750; x_wconf 86' lang='lat' dir='ltr'><strong>ex</strong></span> <span class='ocrx_word' id='word_1_418' title='bbox 3139 1685 3383 1750; x_wconf 88' lang='lat' dir='ltr'><strong>sanctis</strong></span> <span class='ocrx_word' id='word_1_419' title='bbox 3430 1687 3486 1766; x_wconf 90' lang='lat'><strong>1,</strong></span> <span class='ocrx_word' id='word_1_420' title='bbox 3531 1685 3632 1753; x_wconf 88' lang='lat'><strong>85.</strong></span> <span class='ocrx_word' id='word_1_421' title='bbox 3722 1686 3873 1752; x_wconf 80' lang='lat' dir='ltr'><strong>vide</strong></span> <span class='ocrx_word' id='word_1_422' title='bbox 3916 1705 4168 1769; x_wconf 88' lang='lat' dir='ltr'><strong>quoque</strong></span> <span class='ocrx_word' id='word_1_423' title='bbox 4212 1685 4476 1751; x_wconf 83' lang='lat' dir='ltr'><strong>Festa.</strong></span> 
     </span>
     <span class='ocr_line' id='line_1_62' title="bbox 2619 1822 3408 1904; baseline 0 -16"><span class='ocrx_word' id='word_1_424' title='bbox 2619 1822 3118 1888; x_wconf 86' lang='lat' dir='ltr'><strong>Patronatus</strong></span> <span class='ocrx_word' id='word_1_425' title='bbox 3163 1824 3218 1904; x_wconf 93' lang='lat'><strong>1,</strong></span> <span class='ocrx_word' id='word_1_426' title='bbox 3268 1823 3408 1889; x_wconf 90' lang='lat'>188.</span> 
     </span>
    </p>
   </div>
   <div class='ocr_carea' id='block_1_25' title="bbox 2618 1958 4563 3505">
    <p class='ocr_par' dir='ltr' id='par_1_25' title="bbox 2618 1958 4563 3505">
     <span class='ocr_line' id='line_1_63' title="bbox 2618 1958 4557 2047; baseline 0.003 -21"><span class='ocrx_word' id='word_1_427' title='bbox 2618 1960 2933 2026; x_wconf 90' lang='lat' dir='ltr'><strong>Paulus</strong></span> <span class='ocrx_word' id='word_1_428' title='bbox 3001 1959 3245 2027; x_wconf 84' lang='lat' dir='ltr'><strong>Saulus</strong></span> <span class='ocrx_word' id='word_1_429' title='bbox 3311 1982 3522 2027; x_wconf 82' lang='lat' dir='ltr'><strong>novus</strong></span> <span class='ocrx_word' id='word_1_430' title='bbox 3588 1958 3782 2025; x_wconf 90' lang='lat' dir='ltr'><strong>homo</strong></span> <span class='ocrx_word' id='word_1_431' title='bbox 3848 1961 3908 2035; x_wconf 88' lang='grc'><strong>2,</strong></span> <span class='ocrx_word' id='word_1_432' title='bbox 3978 1961 4123 2028; x_wconf 89' lang='grc'><strong>513.</strong></span> <span class='ocrx_word' id='word_1_433' title='bbox 4242 1967 4557 2047; x_wconf 88' lang='lat' dir='ltr'><strong>apostolus</strong></span> 
     </span>
     <span class='ocr_line' id='line_1_64' title="bbox 2706 2045 4555 2132; baseline 0.004 -21"><span class='ocrx_word' id='word_1_434' title='bbox 2706 2046 2990 2112; x_wconf 87' lang='lat' dir='ltr'><strong>Athenis</strong></span> <span class='ocrx_word' id='word_1_435' title='bbox 3045 2067 3189 2111; x_wconf 84' lang='lat' dir='ltr'><strong>aras</strong></span> <span class='ocrx_word' id='word_1_436' title='bbox 3250 2047 3688 2129; x_wconf 86' lang='lat' dir='ltr'><strong>circumspicit</strong></span> <span class='ocrx_word' id='word_1_437' title='bbox 3731 2045 3790 2123; x_wconf 89' lang='grc'><strong>5,</strong></span> <span class='ocrx_word' id='word_1_438' title='bbox 3836 2046 3982 2114; x_wconf 90' lang='grc'><strong>265.</strong></span> <span class='ocrx_word' id='word_1_439' title='bbox 4098 2050 4455 2132; x_wconf 84' lang='lat' dir='ltr'><strong>baptizatus</strong></span> <span class='ocrx_word' id='word_1_440' title='bbox 4493 2054 4555 2119; x_wconf 90' lang='lat' dir='ltr'><strong>in</strong></span> 
     </span>
     <span class='ocr_line' id='line_1_65' title="bbox 2704 2132 4555 2221; baseline 0.003 -24"><span class='ocrx_word' id='word_1_441' title='bbox 2704 2152 2898 2215; x_wconf 83' lang='lat' dir='ltr'><strong>quem</strong></span> <span class='ocrx_word' id='word_1_442' title='bbox 2941 2132 3185 2197; x_wconf 80' lang='lat' dir='ltr'><strong>finem?</strong></span> <span class='ocrx_word' id='word_1_443' title='bbox 3237 2133 3292 2212; x_wconf 92' lang='lat'><strong>1,</strong></span> <span class='ocrx_word' id='word_1_444' title='bbox 3338 2132 3483 2198; x_wconf 88' lang='lat'>965.</span> <span class='ocrx_word' id='word_1_445' title='bbox 3582 2133 3642 2212; x_wconf 90' lang='grc'><strong>2,</strong></span> <span class='ocrx_word' id='word_1_446' title='bbox 3688 2132 3833 2198; x_wconf 89' lang='grc'><strong>970.</strong></span> <span class='ocrx_word' id='word_1_447' title='bbox 3922 2133 4265 2200; x_wconf 91' lang='lat' dir='ltr'><strong>calumniis</strong></span> <span class='ocrx_word' id='word_1_448' title='bbox 4309 2138 4555 2221; x_wconf 89' lang='lat' dir='ltr'><strong>impeti-</strong></span> 
     </span>
     <span class='ocr_line' id='line_1_66' title="bbox 2705 2218 4552 2302; baseline 0.004 -19"><span class='ocrx_word' id='word_1_449' title='bbox 2705 2230 2813 2283; x_wconf 89' lang='lat' dir='ltr'><strong>tus</strong></span> <span class='ocrx_word' id='word_1_450' title='bbox 2882 2220 2939 2293; x_wconf 86' lang='lat'><strong>8,</strong></span> <span class='ocrx_word' id='word_1_451' title='bbox 2999 2219 3101 2283; x_wconf 88' lang='grc'><strong>63.</strong></span> <span class='ocrx_word' id='word_1_452' title='bbox 3222 2218 3644 2302; x_wconf 83' lang='lat' dir='ltr'><strong>evangelium</strong></span> <span class='ocrx_word' id='word_1_453' title='bbox 3696 2234 3886 2284; x_wconf 85' lang='lat' dir='ltr'><strong>suum</strong></span> <span class='ocrx_word' id='word_1_454' title='bbox 3933 2241 4050 2285; x_wconf 91' lang='lat' dir='ltr'><strong>cur</strong></span> <span class='ocrx_word' id='word_1_455' title='bbox 4107 2224 4552 2290; x_wconf 81' lang='lat' dir='ltr'><strong>commendet?</strong></span> 
     </span>
     <span class='ocr_line' id='line_1_67' title="bbox 2705 2303 4554 2394; baseline 0.004 -24"><span class='ocrx_word' id='word_1_456' title='bbox 2705 2306 2765 2382; x_wconf 94' lang='lat'><strong>6,</strong></span> <span class='ocrx_word' id='word_1_457' title='bbox 2803 2305 2948 2370; x_wconf 89' lang='lat'>274.</span> <span class='ocrx_word' id='word_1_458' title='bbox 3039 2313 3229 2369; x_wconf 89' lang='lat' dir='ltr'><strong>autor</strong></span> <span class='ocrx_word' id='word_1_459' title='bbox 3272 2303 3354 2369; x_wconf 88' lang='lat' dir='ltr'><strong>ad</strong></span> <span class='ocrx_word' id='word_1_460' title='bbox 3400 2305 3736 2371; x_wconf 88' lang='lat' dir='ltr'><strong>Hebraeos</strong></span> <span class='ocrx_word' id='word_1_461' title='bbox 3782 2304 3940 2391; x_wconf 90' lang='lat' dir='ltr'><strong>(uno</strong></span> <span class='ocrx_word' id='word_1_462' title='bbox 3985 2305 4149 2394; x_wconf 91' lang='lat' dir='ltr'><strong>loco)</strong></span> <span class='ocrx_word' id='word_1_463' title='bbox 4199 2310 4258 2389; x_wconf 90' lang='lat'><strong>1,</strong></span> <span class='ocrx_word' id='word_1_464' title='bbox 4295 2310 4400 2376; x_wconf 89' lang='grc'><strong>57.</strong></span> <span class='ocrx_word' id='word_1_465' title='bbox 4484 2312 4554 2378; x_wconf 84' lang='lat' dir='ltr'><strong>ab</strong></span> 
     </span>
     <span class='ocr_line' id='line_1_68' title="bbox 2705 2388 4556 2479; baseline 0.004 -24"><span class='ocrx_word' id='word_1_466' title='bbox 2705 2391 3085 2457; x_wconf 90' lang='lat' dir='ltr'><strong>hominibus</strong></span> <span class='ocrx_word' id='word_1_467' title='bbox 3149 2388 3526 2473; x_wconf 82' lang='lat' dir='ltr'><strong>designatus</strong></span> <span class='ocrx_word' id='word_1_468' title='bbox 3595 2392 3652 2471; x_wconf 92' lang='lat'>1,</span> <span class='ocrx_word' id='word_1_469' title='bbox 3710 2391 3892 2457; x_wconf 90' lang='lat'>1091.</span> <span class='ocrx_word' id='word_1_470' title='bbox 4005 2394 4083 2458; x_wconf 83' lang='lat' dir='ltr'><strong>ab</strong></span> <span class='ocrx_word' id='word_1_471' title='bbox 4152 2394 4556 2479; x_wconf 82' lang='lat' dir='ltr'><strong>hypocriseos</strong></span> 
     </span>
     <span class='ocr_line' id='line_1_69' title="bbox 2706 2476 4556 2557; baseline 0.003 -13"><span class='ocrx_word' id='word_1_472' title='bbox 2706 2481 2980 2545; x_wconf 85' lang='lat' dir='ltr'><strong>crimine</strong></span> <span class='ocrx_word' id='word_1_473' title='bbox 3039 2476 3411 2542; x_wconf 85' lang='lat' dir='ltr'><strong>vindicatus</strong></span> <span class='ocrx_word' id='word_1_474' title='bbox 3458 2478 3518 2557; x_wconf 93' lang='lat'><strong>9,</strong></span> <span class='ocrx_word' id='word_1_475' title='bbox 3564 2477 3708 2543; x_wconf 89' lang='lat'>599.</span> <span class='ocrx_word' id='word_1_476' title='bbox 3821 2499 3860 2543; x_wconf 90' lang='lat' dir='ltr'><strong>a</strong></span> <span class='ocrx_word' id='word_1_477' title='bbox 3902 2477 4136 2545; x_wconf 83' lang='lat' dir='ltr'><strong>Iacobo</strong></span> <span class='ocrx_word' id='word_1_478' title='bbox 4194 2481 4556 2549; x_wconf 87' lang='lat' dir='ltr'><strong>admonitus</strong></span> 
     </span>
     <span class='ocr_line' id='line_1_70' title="bbox 2710 2562 4553 2649; baseline 0.002 -19"><span class='ocrx_word' id='word_1_479' title='bbox 2710 2566 2810 2646; x_wconf 91' lang='lat'><strong>11,</strong></span> <span class='ocrx_word' id='word_1_480' title='bbox 2867 2564 3010 2630; x_wconf 89' lang='grc'><strong>765.</strong></span> <span class='ocrx_word' id='word_1_481' title='bbox 3122 2583 3272 2629; x_wconf 89' lang='lat' dir='ltr'><strong>cum</strong></span> <span class='ocrx_word' id='word_1_482' title='bbox 3337 2562 3571 2629; x_wconf 88' lang='lat' dir='ltr'><strong>Iacobo</strong></span> <span class='ocrx_word' id='word_1_483' title='bbox 3636 2563 4073 2629; x_wconf 86' lang='lat' dir='ltr'><strong>conciliandus</strong></span> <span class='ocrx_word' id='word_1_484' title='bbox 4136 2568 4191 2642; x_wconf 93' lang='lat'>1,</span> <span class='ocrx_word' id='word_1_485' title='bbox 4257 2567 4404 2634; x_wconf 90' lang='lat'><strong>787.</strong></span> <span class='ocrx_word' id='word_1_486' title='bbox 4501 2568 4553 2649; x_wconf 90' lang='grc'><strong>2,</strong></span> 
     </span>
     <span class='ocr_line' id='line_1_71' title="bbox 2708 2648 4554 2733; baseline 0.002 -15"><span class='ocrx_word' id='word_1_487' title='bbox 2708 2652 2854 2718; x_wconf 90' lang='grc'><strong>598.</strong></span> <span class='ocrx_word' id='word_1_488' title='bbox 2958 2649 3037 2715; x_wconf 83' lang='grc'><strong>(10</strong></span> <span class='ocrx_word' id='word_1_489' title='bbox 3076 2648 3450 2714; x_wconf 90' lang='lat' dir='ltr'><strong>innocentia</strong></span> <span class='ocrx_word' id='word_1_490' title='bbox 3505 2671 3624 2716; x_wconf 90' lang='lat' dir='ltr'><strong>sua</strong></span> <span class='ocrx_word' id='word_1_491' title='bbox 3679 2649 3995 2733; x_wconf 85' lang='lat' dir='ltr'><strong>gloriatus</strong></span> <span class='ocrx_word' id='word_1_492' title='bbox 4042 2652 4099 2729; x_wconf 89' lang='lat'><strong>1,</strong></span> <span class='ocrx_word' id='word_1_493' title='bbox 4147 2652 4291 2719; x_wconf 88' lang='lat'>791.</span> <span class='ocrx_word' id='word_1_494' title='bbox 4396 2657 4554 2720; x_wconf 86' lang='lat' dir='ltr'><strong>iure-</strong></span> 
     </span>
     <span class='ocr_line' id='line_1_72' title="bbox 2705 2736 4559 2821; baseline 0.002 -18"><span class='ocrx_word' id='word_1_495' title='bbox 2705 2737 2984 2804; x_wconf 90' lang='lat' dir='ltr'><strong>iurando</strong></span> <span class='ocrx_word' id='word_1_496' title='bbox 3050 2758 3207 2802; x_wconf 91' lang='lat' dir='ltr'><strong>usus</strong></span> <span class='ocrx_word' id='word_1_497' title='bbox 3277 2737 3331 2816; x_wconf 93' lang='lat'><strong>1,</strong></span> <span class='ocrx_word' id='word_1_498' title='bbox 3387 2736 3532 2801; x_wconf 88' lang='lat'>400.</span> <span class='ocrx_word' id='word_1_499' title='bbox 3663 2736 3903 2815; x_wconf 91' lang='lat'>7,101.</span> <span class='ocrx_word' id='word_1_500' title='bbox 4034 2758 4153 2821; x_wconf 90' lang='lat' dir='ltr'><strong>per</strong></span> <span class='ocrx_word' id='word_1_501' title='bbox 4197 2740 4455 2805; x_wconf 81' lang='lat' dir='ltr'><strong>Lucam</strong></span> <span class='ocrx_word' id='word_1_502' title='bbox 4494 2741 4559 2805; x_wconf 90' lang='lat' dir='ltr'><strong>in</strong></span> 
     </span>
     <span class='ocr_line' id='line_1_73' title="bbox 2708 2822 4559 2905; baseline 0 -15"><span class='ocrx_word' id='word_1_503' title='bbox 2708 2826 2896 2890; x_wconf 86' lang='lat' dir='ltr'><strong>Actis</strong></span> <span class='ocrx_word' id='word_1_504' title='bbox 2918 2823 3227 2905; x_wconf 87' lang='lat' dir='ltr'><strong>loquutus</strong></span> <span class='ocrx_word' id='word_1_505' title='bbox 3261 2822 3320 2901; x_wconf 94' lang='lat'><strong>9,</strong></span> <span class='ocrx_word' id='word_1_506' title='bbox 3357 2822 3501 2888; x_wconf 89' lang='lat'>623.</span> <span class='ocrx_word' id='word_1_507' title='bbox 3582 2823 3736 2886; x_wconf 88' lang='lat' dir='ltr'><strong>navi</strong></span> <span class='ocrx_word' id='word_1_508' title='bbox 3773 2832 3998 2889; x_wconf 82' lang='lat' dir='ltr'><strong>vectus</strong></span> <span class='ocrx_word' id='word_1_509' title='bbox 4021 2823 4290 2891; x_wconf 83' lang='lat' dir='ltr'><strong>Castore</strong></span> <span class='ocrx_word' id='word_1_510' title='bbox 4326 2843 4401 2892; x_wconf 85' lang='lat' dir='ltr'><strong>et</strong></span> <span class='ocrx_word' id='word_1_511' title='bbox 4422 2827 4559 2892; x_wconf 90' lang='lat' dir='ltr'><strong>Pol-</strong></span> 
     </span>
     <span class='ocr_line' id='line_1_74' title="bbox 2706 2907 4561 2995; baseline 0.001 -20"><span class='ocrx_word' id='word_1_512' title='bbox 2706 2911 2852 2977; x_wconf 88' lang='lat' dir='ltr'><strong>luce</strong></span> <span class='ocrx_word' id='word_1_513' title='bbox 2896 2910 2956 2986; x_wconf 90' lang='lat'><strong>5,</strong></span> <span class='ocrx_word' id='word_1_514' title='bbox 3002 2909 3147 2974; x_wconf 85' lang='grc'><strong>265.</strong></span> <span class='ocrx_word' id='word_1_515' title='bbox 3251 2909 3417 2973; x_wconf 88' lang='lat' dir='ltr'><strong>nihil</strong></span> <span class='ocrx_word' id='word_1_516' title='bbox 3461 2908 3585 2974; x_wconf 88' lang='lat' dir='ltr'><strong>sibi</strong></span> <span class='ocrx_word' id='word_1_517' title='bbox 3630 2907 3914 2973; x_wconf 85' lang='lat' dir='ltr'><strong>vindicat</strong></span> <span class='ocrx_word' id='word_1_518' title='bbox 3957 2910 4016 2986; x_wconf 91' lang='lat'><strong>6,</strong></span> <span class='ocrx_word' id='word_1_519' title='bbox 4062 2910 4191 2976; x_wconf 89' lang='grc'><strong>370</strong></span> <span class='ocrx_word' id='word_1_520' title='bbox 4233 2932 4326 2995; x_wconf 92' lang='lat' dir='ltr'><strong>sq.</strong></span> <span class='ocrx_word' id='word_1_521' title='bbox 4425 2934 4561 2979; x_wconf 90' lang='lat' dir='ltr'><strong>cum</strong></span> 
     </span>
     <span class='ocr_line' id='line_1_75' title="bbox 2706 2990 4562 3076; baseline 0 -14"><span class='ocrx_word' id='word_1_522' title='bbox 2706 2998 2910 3062; x_wconf 86' lang='lat' dir='ltr'><strong>Petro</strong></span> <span class='ocrx_word' id='word_1_523' title='bbox 2954 2995 3020 3059; x_wconf 92' lang='lat' dir='ltr'><strong>in</strong></span> <span class='ocrx_word' id='word_1_524' title='bbox 3068 2990 3407 3076; x_wconf 78' lang='lat' dir='ltr'><strong>evangelio</strong></span> <span class='ocrx_word' id='word_1_525' title='bbox 3465 2996 3788 3059; x_wconf 85' lang='lat' dir='ltr'><strong>consentit</strong></span> <span class='ocrx_word' id='word_1_526' title='bbox 3831 2994 3889 3071; x_wconf 88' lang='lat'><strong>5,</strong></span> <span class='ocrx_word' id='word_1_527' title='bbox 3936 2994 4080 3061; x_wconf 90' lang='lat'><strong>546.</strong></span> <span class='ocrx_word' id='word_1_528' title='bbox 4213 2998 4284 3061; x_wconf 90' lang='lat' dir='ltr'><strong>in</strong></span> <span class='ocrx_word' id='word_1_529' title='bbox 4332 2999 4562 3064; x_wconf 82' lang='lat' dir='ltr'><strong>Phari·</strong></span> 
     </span>
     <span class='ocr_line' id='line_1_76' title="bbox 2709 3079 4561 3168; baseline 0.001 -20"><span class='ocrx_word' id='word_1_530' title='bbox 2709 3084 2950 3148; x_wconf 91' lang='lat' dir='ltr'><strong>saismo</strong></span> <span class='ocrx_word' id='word_1_531' title='bbox 2994 3103 3113 3147; x_wconf 91' lang='lat' dir='ltr'><strong>suo</strong></span> <span class='ocrx_word' id='word_1_532' title='bbox 3157 3079 3750 3164; x_wconf 87' lang='lat' dir='ltr'><strong>irreprehensibilis</strong></span> <span class='ocrx_word' id='word_1_533' title='bbox 3798 3082 3854 3160; x_wconf 94' lang='lat'><strong>1,</strong></span> <span class='ocrx_word' id='word_1_534' title='bbox 3900 3081 4044 3148; x_wconf 89' lang='grc'><strong>884.</strong></span> <span class='ocrx_word' id='word_1_535' title='bbox 4089 3093 4237 3167; x_wconf 90' lang='lat' dir='ltr'><strong>post</strong></span> <span class='ocrx_word' id='word_1_536' title='bbox 4279 3107 4561 3168; x_wconf 70' lang='lat' dir='ltr'><strong>evange-</strong></span> 
     </span>
     <span class='ocr_line' id='line_1_77' title="bbox 2706 3166 4563 3251; baseline 0.001 -17"><span class='ocrx_word' id='word_1_537' title='bbox 2706 3169 2893 3234; x_wconf 88' lang='lat' dir='ltr'><strong>listas</strong></span> <span class='ocrx_word' id='word_1_538' title='bbox 2928 3168 3188 3249; x_wconf 87' lang='lat' dir='ltr'><strong>scripsit</strong></span> <span class='ocrx_word' id='word_1_539' title='bbox 3222 3166 3281 3245; x_wconf 94' lang='lat'><strong>9,</strong></span> <span class='ocrx_word' id='word_1_540' title='bbox 3322 3167 3464 3232; x_wconf 95' lang='lat'>196.</span> <span class='ocrx_word' id='word_1_541' title='bbox 3537 3166 3825 3250; x_wconf 87' lang='lat' dir='ltr'><strong>prudens</strong></span> <span class='ocrx_word' id='word_1_542' title='bbox 3858 3168 3931 3232; x_wconf 90' lang='lat' dir='ltr'><strong>in</strong></span> <span class='ocrx_word' id='word_1_543' title='bbox 3966 3169 4331 3251; x_wconf 87' lang='lat' dir='ltr'><strong>profitendo</strong></span> <span class='ocrx_word' id='word_1_544' title='bbox 4378 3193 4563 3237; x_wconf 85' lang='lat' dir='ltr'><strong>evan-</strong></span> 
     </span>
     <span class='ocr_line' id='line_1_78' title="bbox 2708 3254 4562 3340; baseline 0.002 -20"><span class='ocrx_word' id='word_1_545' title='bbox 2708 3254 2880 3340; x_wconf 85' lang='lat' dir='ltr'><strong>gelio</strong></span> <span class='ocrx_word' id='word_1_546' title='bbox 2917 3254 2976 3330; x_wconf 92' lang='lat'><strong>8,</strong></span> <span class='ocrx_word' id='word_1_547' title='bbox 3019 3254 3166 3319; x_wconf 86' lang='lat'>405.</span> <span class='ocrx_word' id='word_1_548' title='bbox 3255 3254 3644 3336; x_wconf 87' lang='lat' dir='ltr'><strong>scripturam</strong></span> <span class='ocrx_word' id='word_1_549' title='bbox 3689 3275 3738 3319; x_wconf 90' lang='lat' dir='ltr'><strong>s.</strong></span> <span class='ocrx_word' id='word_1_550' title='bbox 3765 3256 4178 3319; x_wconf 90' lang='lat' dir='ltr'><strong>commendat</strong></span> <span class='ocrx_word' id='word_1_551' title='bbox 4215 3257 4274 3333; x_wconf 91' lang='lat'><strong>7,</strong></span> <span class='ocrx_word' id='word_1_552' title='bbox 4313 3257 4448 3323; x_wconf 92' lang='lat'>175</span> <span class='ocrx_word' id='word_1_553' title='bbox 4479 3278 4562 3339; x_wconf 90' lang='lat' dir='ltr'><strong>sq.</strong></span> 
     </span>
     <span class='ocr_line' id='line_1_79' title="bbox 2708 3339 4562 3420; baseline 0.001 -14"><span class='ocrx_word' id='word_1_554' title='bbox 2708 3350 2938 3406; x_wconf 84' lang='lat' dir='ltr'><strong>tonsus</strong></span> <span class='ocrx_word' id='word_1_555' title='bbox 2982 3362 3066 3405; x_wconf 79' lang='lat' dir='ltr'><strong>ex</strong></span> <span class='ocrx_word' id='word_1_556' title='bbox 3111 3347 3264 3404; x_wconf 86' lang='lat' dir='ltr'><strong>voto</strong></span> <span class='ocrx_word' id='word_1_557' title='bbox 3311 3340 3367 3417; x_wconf 93' lang='lat'><strong>1,</strong></span> <span class='ocrx_word' id='word_1_558' title='bbox 3418 3339 3559 3405; x_wconf 90' lang='lat'>181.</span> <span class='ocrx_word' id='word_1_559' title='bbox 3610 3339 3796 3405; x_wconf 86' lang='lat'>1083.</span> <span class='ocrx_word' id='word_1_560' title='bbox 3907 3340 3967 3415; x_wconf 88' lang='grc'><strong>2,</strong></span> <span class='ocrx_word' id='word_1_561' title='bbox 4017 3342 4201 3406; x_wconf 93' lang='grc'><strong>1084.</strong></span> <span class='ocrx_word' id='word_1_562' title='bbox 4313 3344 4382 3420; x_wconf 92' lang='grc'><strong>6,</strong></span> <span class='ocrx_word' id='word_1_563' title='bbox 4428 3345 4562 3410; x_wconf 87' lang='grc'><strong>561.</strong></span> 
     </span>
     <span class='ocr_line' id='line_1_80' title="bbox 2711 3425 4371 3505; baseline 0.001 -14"><span class='ocrx_word' id='word_1_564' title='bbox 2711 3428 2811 3505; x_wconf 92' lang='grc'><strong>10,</strong></span> <span class='ocrx_word' id='word_1_565' title='bbox 2860 3426 3002 3493; x_wconf 93' lang='lat'>190.</span> <span class='ocrx_word' id='word_1_566' title='bbox 3093 3444 3313 3490; x_wconf 88' lang='lat' dir='ltr'><strong>coram</strong></span> <span class='ocrx_word' id='word_1_567' title='bbox 3357 3425 3790 3492; x_wconf 89' lang='lat' dir='ltr'><strong>tribunalibus</strong></span> <span class='ocrx_word' id='word_1_568' title='bbox 3838 3426 3895 3505; x_wconf 96' lang='lat'>1,</span> <span class='ocrx_word' id='word_1_569' title='bbox 3942 3427 4126 3492; x_wconf 91' lang='lat'>1108.</span> <span class='ocrx_word' id='word_1_570' title='bbox 4176 3428 4371 3494; x_wconf 92' lang='lat'>1114.</span> 
     </span>
    </p>
   </div>
   <div class='ocr_carea' id='block_1_26' title="bbox 2623 3559 4564 3899">
    <p class='ocr_par' dir='ltr' id='par_1_26' title="bbox 2623 3559 4564 3899">
     <span class='ocr_line' id='line_1_81' title="bbox 2623 3559 4562 3646; baseline 0.002 -17"><span class='ocrx_word' id='word_1_571' title='bbox 2623 3603 2706 3615; x_wconf 92' lang='lat'><strong>—-</strong></span> <span class='ocrx_word' id='word_1_572' title='bbox 2749 3564 2945 3629; x_wconf 89' lang='lat' dir='ltr'><strong>Pauli</strong></span> <span class='ocrx_word' id='word_1_573' title='bbox 3003 3561 3422 3628; x_wconf 85' lang='lat' dir='ltr'><strong>Antiochena</strong></span> <span class='ocrx_word' id='word_1_574' title='bbox 3486 3559 3839 3643; x_wconf 85' lang='lat' dir='ltr'><strong>disputatio</strong></span> <span class='ocrx_word' id='word_1_575' title='bbox 3889 3562 3948 3643; x_wconf 88' lang='lat'><strong>9,</strong></span> <span class='ocrx_word' id='word_1_576' title='bbox 3993 3561 4139 3629; x_wconf 88' lang='lat'>599.</span> <span class='ocrx_word' id='word_1_577' title='bbox 4276 3567 4381 3646; x_wconf 94' lang='grc'><strong>11,</strong></span> <span class='ocrx_word' id='word_1_578' title='bbox 4430 3567 4562 3633; x_wconf 87' lang='grc'><strong>765.</strong></span> 
     </span>
     <span class='ocr_line' id='line_1_82' title="bbox 2708 3645 4564 3733; baseline 0.003 -19"><span class='ocrx_word' id='word_1_579' title='bbox 2708 3651 2846 3715; x_wconf 89' lang='lat' dir='ltr'><strong>eius</strong></span> <span class='ocrx_word' id='word_1_580' title='bbox 2883 3657 2949 3715; x_wconf 84' lang='lat' dir='ltr'><strong>et</strong></span> <span class='ocrx_word' id='word_1_581' title='bbox 2980 3648 3378 3733; x_wconf 87' lang='lat' dir='ltr'><strong>collegarum</strong></span> <span class='ocrx_word' id='word_1_582' title='bbox 3412 3645 3750 3713; x_wconf 89' lang='lat' dir='ltr'><strong>dissimilis</strong></span> <span class='ocrx_word' id='word_1_583' title='bbox 3783 3648 3949 3714; x_wconf 91' lang='lat' dir='ltr'><strong>ratio</strong></span> <span class='ocrx_word' id='word_1_584' title='bbox 3985 3649 4044 3724; x_wconf 91' lang='lat'><strong>9,</strong></span> <span class='ocrx_word' id='word_1_585' title='bbox 4074 3649 4214 3716; x_wconf 92' lang='lat'>100.</span> <span class='ocrx_word' id='word_1_586' title='bbox 4302 3675 4564 3719; x_wconf 87' lang='lat' dir='ltr'><strong>conver-</strong></span> 
     </span>
     <span class='ocr_line' id='line_1_83' title="bbox 2707 3733 3815 3816; baseline -0.003 -15"><span class='ocrx_word' id='word_1_587' title='bbox 2707 3736 2804 3802; x_wconf 93' lang='lat' dir='ltr'><strong>sio</strong></span> <span class='ocrx_word' id='word_1_588' title='bbox 2850 3736 2907 3813; x_wconf 92' lang='lat'><strong>6,</strong></span> <span class='ocrx_word' id='word_1_589' title='bbox 2954 3735 3100 3801; x_wconf 87' lang='grc'><strong>321.</strong></span> <span class='ocrx_word' id='word_1_590' title='bbox 3188 3733 3417 3800; x_wconf 90' lang='lat' dir='ltr'><strong>electio</strong></span> <span class='ocrx_word' id='word_1_591' title='bbox 3463 3733 3519 3812; x_wconf 97' lang='lat'>1,</span> <span class='ocrx_word' id='word_1_592' title='bbox 3558 3733 3686 3799; x_wconf 93' lang='lat'><strong>569</strong></span> <span class='ocrx_word' id='word_1_593' title='bbox 3721 3754 3815 3816; x_wconf 90' lang='lat' dir='ltr'>sq.</span> 
     </span>
     <span class='ocr_line' id='line_1_84' title="bbox 2708 3819 3876 3899; baseline 0.001 -13"><span class='ocrx_word' id='word_1_594' title='bbox 2708 3831 2809 3887; x_wconf 89' lang='lat' dir='ltr'><strong>tro</strong></span> <span class='ocrx_word' id='word_1_595' title='bbox 2855 3835 2923 3886; x_wconf 88' lang='lat' dir='ltr'><strong>et</strong></span> <span class='ocrx_word' id='word_1_596' title='bbox 2965 3821 3272 3886; x_wconf 88' lang='lat' dir='ltr'><strong>Barnaba</strong></span> <span class='ocrx_word' id='word_1_597' title='bbox 3314 3819 3620 3885; x_wconf 84' lang='lat' dir='ltr'><strong>disidium</strong></span> <span class='ocrx_word' id='word_1_598' title='bbox 3667 3820 3727 3899; x_wconf 93' lang='lat'><strong>8,</strong></span> <span class='ocrx_word' id='word_1_599' title='bbox 3770 3820 3876 3887; x_wconf 93' lang='lat'><strong>58.</strong></span> 
     </span>
    </p>
   </div>
   <div class='ocr_carea' id='block_1_27' title="bbox 2706 3735 4564 4162">
    <p class='ocr_par' dir='ltr' id='par_1_27' title="bbox 3904 3735 4563 3816">
     <span class='ocr_line' id='line_1_85' title="bbox 3904 3735 4563 3816; baseline 0.008 -16"><span class='ocrx_word' id='word_1_600' title='bbox 3904 3735 3964 3816; x_wconf 89' lang='grc'><strong>2,</strong></span> <span class='ocrx_word' id='word_1_601' title='bbox 4014 3736 4156 3802; x_wconf 88' lang='grc'><strong>785.</strong></span> <span class='ocrx_word' id='word_1_602' title='bbox 4246 3759 4402 3804; x_wconf 92' lang='lat' dir='ltr'><strong>cum</strong></span> <span class='ocrx_word' id='word_1_603' title='bbox 4447 3741 4563 3805; x_wconf 86' lang='lat' dir='ltr'><strong>Pe-</strong></span> 
     </span>
    </p>

    <p class='ocr_par' dir='ltr' id='par_1_28' title="bbox 2706 3823 4564 4162">
     <span class='ocr_line' id='line_1_86' title="bbox 4012 3823 4563 3901; baseline 0.004 -15"><span class='ocrx_word' id='word_1_604' title='bbox 4012 3823 4110 3901; x_wconf 89' lang='lat'><strong>11,</strong></span> <span class='ocrx_word' id='word_1_605' title='bbox 4161 3823 4306 3889; x_wconf 92' lang='lat'>765.</span> <span class='ocrx_word' id='word_1_606' title='bbox 4421 3826 4563 3891; x_wconf 78' lang='lat' dir='ltr'><strong>reli-</strong></span> 
     </span>
     <span class='ocr_line' id='line_1_87' title="bbox 2708 3908 4563 3993; baseline 0.001 -19"><span class='ocrx_word' id='word_1_607' title='bbox 2708 3910 2897 3993; x_wconf 85' lang='lat' dir='ltr'><strong>quiae</strong></span> <span class='ocrx_word' id='word_1_608' title='bbox 2932 3910 2992 3987; x_wconf 91' lang='lat'><strong>6,</strong></span> <span class='ocrx_word' id='word_1_609' title='bbox 3029 3908 3156 3973; x_wconf 90' lang='grc'><strong>438</strong></span> <span class='ocrx_word' id='word_1_610' title='bbox 3197 3930 3281 3972; x_wconf 91' lang='grc'><strong>00.</strong></span> <span class='ocrx_word' id='word_1_611' title='bbox 3363 3925 3515 3971; x_wconf 89' lang='lat' dir='ltr'><strong>cum</strong></span> <span class='ocrx_word' id='word_1_612' title='bbox 3551 3925 3885 3990; x_wconf 82' lang='lat' dir='ltr'><strong>synogoga</strong></span> <span class='ocrx_word' id='word_1_613' title='bbox 3920 3911 4331 3976; x_wconf 79' lang='lat' dir='ltr'><strong>conversatio</strong></span> <span class='ocrx_word' id='word_1_614' title='bbox 4372 3912 4430 3991; x_wconf 91' lang='lat'><strong>7,</strong></span> <span class='ocrx_word' id='word_1_615' title='bbox 4468 3912 4563 3976; x_wconf 88' lang='lat'><strong>71.</strong></span> 
     </span>
     <span class='ocr_line' id='line_1_88' title="bbox 2706 3992 4564 4075; baseline 0.001 -14"><span class='ocrx_word' id='word_1_616' title='bbox 2706 4005 2934 4063; x_wconf 83' lang='lat' dir='ltr'><strong>votum</strong></span> <span class='ocrx_word' id='word_1_617' title='bbox 2979 4016 3015 4060; x_wconf 90' lang='lat' dir='ltr'><strong>a</strong></span> <span class='ocrx_word' id='word_1_618' title='bbox 3060 3995 3205 4060; x_wconf 90' lang='lat' dir='ltr'><strong>Deo</strong></span> <span class='ocrx_word' id='word_1_619' title='bbox 3271 4012 3403 4057; x_wconf 93' lang='lat' dir='ltr'><strong>non</strong></span> <span class='ocrx_word' id='word_1_620' title='bbox 3470 3992 3817 4075; x_wconf 89' lang='lat' dir='ltr'><strong>probatum</strong></span> <span class='ocrx_word' id='word_1_621' title='bbox 3887 3993 3944 4073; x_wconf 90' lang='lat'><strong>5,</strong></span> <span class='ocrx_word' id='word_1_622' title='bbox 3993 3994 4137 4060; x_wconf 89' lang='grc'><strong>272.</strong></span> <span class='ocrx_word' id='word_1_623' title='bbox 4271 3996 4564 4062; x_wconf 89' lang='lat' dir='ltr'><strong>hodierni</strong></span> 
     </span>
     <span class='ocr_line' id='line_1_89' title="bbox 2707 4078 3745 4162; baseline -0.002 -16"><span class='ocrx_word' id='word_1_624' title='bbox 2707 4100 3111 4146; x_wconf 88' lang='lat' dir='ltr'><strong>successores</strong></span> <span class='ocrx_word' id='word_1_625' title='bbox 3157 4080 3449 4162; x_wconf 85' lang='lat' dir='ltr'><strong>dispares</strong></span> <span class='ocrx_word' id='word_1_626' title='bbox 3493 4078 3551 4155; x_wconf 93' lang='lat'><strong>5,</strong></span> <span class='ocrx_word' id='word_1_627' title='bbox 3599 4078 3745 4144; x_wconf 89' lang='grc'><strong>289.</strong></span> 
     </span>
    </p>
   </div>
   <div class='ocr_carea' id='block_1_28' title="bbox 2621 4213 4561 4296">
    <p class='ocr_par' dir='ltr' id='par_1_29' title="bbox 2621 4213 4561 4296">
     <span class='ocr_line' id='line_1_90' title="bbox 2621 4213 4561 4296; baseline 0.002 -13"><span class='ocrx_word' id='word_1_628' title='bbox 2621 4216 2926 4283; x_wconf 87' lang='lat' dir='ltr'><strong>Paulus</strong></span> <span class='ocrx_word' id='word_1_629' title='bbox 2986 4216 3454 4281; x_wconf 80' lang='lat' dir='ltr'><strong>Samosatenus</strong></span> <span class='ocrx_word' id='word_1_630' title='bbox 3495 4213 3576 4278; x_wconf 92' lang='lat' dir='ltr'><strong>de</strong></span> <span class='ocrx_word' id='word_1_631' title='bbox 3620 4213 3823 4278; x_wconf 87' lang='lat' dir='ltr'><strong>verbo</strong></span> <span class='ocrx_word' id='word_1_632' title='bbox 3878 4213 4005 4280; x_wconf 91' lang='lat' dir='ltr'><strong>Dei</strong></span> <span class='ocrx_word' id='word_1_633' title='bbox 4049 4236 4279 4283; x_wconf 88' lang='lat' dir='ltr'><strong>errans</strong></span> <span class='ocrx_word' id='word_1_634' title='bbox 4324 4219 4384 4296; x_wconf 86' lang='lat'><strong>5,</strong></span> <span class='ocrx_word' id='word_1_635' title='bbox 4424 4221 4561 4287; x_wconf 89' lang='lat'>565.</span> 
     </span>
    </p>
   </div>
   <div class='ocr_carea' id='block_1_29' title="bbox 2620 4349 4102 4513">
    <p class='ocr_par' dir='ltr' id='par_1_30' title="bbox 2620 4349 4102 4513">
     <span class='ocr_line' id='line_1_91' title="bbox 2620 4349 4102 4435; baseline -0.003 -12"><span class='ocrx_word' id='word_1_636' title='bbox 2620 4357 3099 4435; x_wconf 88' lang='lat' dir='ltr'><strong>Paupertas</strong></span> <span class='ocrx_word' id='word_1_637' title='bbox 3163 4351 3481 4417; x_wconf 89' lang='lat' dir='ltr'><strong>sacerdoti</strong></span> <span class='ocrx_word' id='word_1_638' title='bbox 3527 4349 3806 4435; x_wconf 81' lang='lat' dir='ltr'><strong>gloriosa</strong></span> <span class='ocrx_word' id='word_1_639' title='bbox 3855 4351 3910 4429; x_wconf 89' lang='lat'><strong>1,</strong></span> <span class='ocrx_word' id='word_1_640' title='bbox 3956 4351 4102 4418; x_wconf 88' lang='grc'><strong>593.</strong></span> 
     </span>
     <span class='ocr_line' id='line_1_92' title="bbox 2705 4434 3816 4513; baseline -0.005 -8"><span class='ocrx_word' id='word_1_641' title='bbox 2705 4440 2853 4505; x_wconf 89' lang='lat'>446.</span> <span class='ocrx_word' id='word_1_642' title='bbox 2955 4458 2993 4502; x_wconf 91' lang='lat' dir='ltr'><strong>a</strong></span> <span class='ocrx_word' id='word_1_643' title='bbox 3038 4436 3107 4504; x_wconf 86' lang='lat' dir='ltr'><strong>S.</strong></span> <span class='ocrx_word' id='word_1_644' title='bbox 3155 4457 3205 4502; x_wconf 90' lang='lat' dir='ltr'><strong>s.</strong></span> <span class='ocrx_word' id='word_1_645' title='bbox 3251 4437 3561 4501; x_wconf 90' lang='lat' dir='ltr'><strong>damnata</strong></span> <span class='ocrx_word' id='word_1_646' title='bbox 3612 4434 3668 4513; x_wconf 92' lang='lat'><strong>7,</strong></span> <span class='ocrx_word' id='word_1_647' title='bbox 3713 4435 3816 4500; x_wconf 92' lang='grc'><strong>42.</strong></span> 
     </span>
    </p>
   </div>
   <div class='ocr_carea' id='block_1_30' title="bbox 2623 4573 4565 4740">
    <p class='ocr_par' dir='ltr' id='par_1_31' title="bbox 2623 4573 4565 4740">
     <span class='ocr_line' id='line_1_93' title="bbox 2623 4573 4565 4660; baseline 0.004 -20"><span class='ocrx_word' id='word_1_648' title='bbox 2623 4613 2706 4625; x_wconf 91' lang='lat'><em>-</em></span> <span class='ocrx_word' id='word_1_649' title='bbox 2750 4576 3125 4660; x_wconf 89' lang='lat' dir='ltr'><strong>Pauperum</strong></span> <span class='ocrx_word' id='word_1_650' title='bbox 3180 4595 3338 4640; x_wconf 89' lang='lat' dir='ltr'><strong>cura</strong></span> <span class='ocrx_word' id='word_1_651' title='bbox 3385 4574 3440 4651; x_wconf 93' lang='lat'><strong>1,</strong></span> <span class='ocrx_word' id='word_1_652' title='bbox 3485 4573 3631 4640; x_wconf 91' lang='lat'>567.</span> <span class='ocrx_word' id='word_1_653' title='bbox 3742 4574 3803 4651; x_wconf 92' lang='lat'><strong>2,</strong></span> <span class='ocrx_word' id='word_1_654' title='bbox 3852 4573 3993 4640; x_wconf 87' lang='lat'>783.</span> <span class='ocrx_word' id='word_1_655' title='bbox 4105 4596 4189 4640; x_wconf 82' lang='lat' dir='ltr'><strong>ex</strong></span> <span class='ocrx_word' id='word_1_656' title='bbox 4234 4576 4424 4646; x_wconf 91' lang='lat' dir='ltr'><strong>bonis</strong></span> <span class='ocrx_word' id='word_1_657' title='bbox 4470 4601 4565 4648; x_wconf 81' lang='lat' dir='ltr'><strong>ec·</strong></span> 
     </span>
     <span class='ocr_line' id='line_1_94' title="bbox 2708 4660 4346 4740; baseline 0.002 -12"><span class='ocrx_word' id='word_1_658' title='bbox 2708 4661 3086 4729; x_wconf 89' lang='lat' dir='ltr'><strong>clesiasticis</strong></span> <span class='ocrx_word' id='word_1_659' title='bbox 3130 4660 3191 4740; x_wconf 92' lang='lat'><strong>5,</strong></span> <span class='ocrx_word' id='word_1_660' title='bbox 3237 4660 3366 4725; x_wconf 92' lang='lat'>604</span> <span class='ocrx_word' id='word_1_661' title='bbox 3408 4681 3490 4726; x_wconf 90' lang='lat' dir='ltr'><strong>ss.</strong></span> <span class='ocrx_word' id='word_1_662' title='bbox 3581 4660 3893 4725; x_wconf 84' lang='lat' dir='ltr'><strong>Genevae</strong></span> <span class='ocrx_word' id='word_1_663' title='bbox 3941 4660 4039 4738; x_wconf 92' lang='lat'>10,</span> <span class='ocrx_word' id='word_1_664' title='bbox 4090 4661 4210 4726; x_wconf 92' lang='lat'><strong>101</strong></span> <span class='ocrx_word' id='word_1_665' title='bbox 4260 4687 4346 4730; x_wconf 87' lang='grc'><strong>00.</strong></span> 
     </span>
    </p>
   </div>
   <div class='ocr_carea' id='block_1_31' title="bbox 2621 4797 4561 5053">
    <p class='ocr_par' dir='ltr' id='par_1_32' title="bbox 2621 4797 4561 5053">
     <span class='ocr_line' id='line_1_95' title="bbox 2621 4797 4561 4880; baseline 0.001 -15"><span class='ocrx_word' id='word_1_666' title='bbox 2621 4798 2816 4865; x_wconf 82' lang='lat' dir='ltr'><strong>Pax:</strong></span> <span class='ocrx_word' id='word_1_667' title='bbox 2884 4799 3166 4880; x_wconf 89' lang='lat' dir='ltr'><strong>receptio</strong></span> <span class='ocrx_word' id='word_1_668' title='bbox 3234 4798 3564 4880; x_wconf 90' lang='lat' dir='ltr'><strong>lapsorum</strong></span> <span class='ocrx_word' id='word_1_669' title='bbox 3635 4797 3692 4877; x_wconf 89' lang='lat'><strong>1,</strong></span> <span class='ocrx_word' id='word_1_670' title='bbox 3758 4797 3902 4862; x_wconf 85' lang='lat'>662.</span> <span class='ocrx_word' id='word_1_671' title='bbox 4036 4798 4095 4878; x_wconf 89' lang='grc'><strong>2,</strong></span> <span class='ocrx_word' id='word_1_672' title='bbox 4162 4800 4309 4866; x_wconf 93' lang='grc'><strong>909.</strong></span> <span class='ocrx_word' id='word_1_673' title='bbox 4382 4801 4561 4867; x_wconf 93' lang='grc'><strong>1076.</strong></span> 
     </span>
     <span class='ocr_line' id='line_1_96' title="bbox 2706 4883 4561 4953; baseline 0.001 -3"><span class='ocrx_word' id='word_1_674' title='bbox 2706 4884 2899 4950; x_wconf 91' lang='lat' dir='ltr'><strong>Pacis</strong></span> <span class='ocrx_word' id='word_1_675' title='bbox 2963 4883 3252 4949; x_wconf 87' lang='lat' dir='ltr'><strong>studium</strong></span> <span class='ocrx_word' id='word_1_676' title='bbox 3318 4883 3388 4948; x_wconf 92' lang='lat' dir='ltr'><strong>in</strong></span> <span class='ocrx_word' id='word_1_677' title='bbox 3453 4883 3724 4949; x_wconf 84' lang='lat' dir='ltr'><strong>ecclesia</strong></span> <span class='ocrx_word' id='word_1_678' title='bbox 3798 4883 4387 4952; x_wconf 89' lang='lat' dir='ltr'><strong>commendandum</strong></span> <span class='ocrx_word' id='word_1_679' title='bbox 4454 4887 4561 4953; x_wconf 87' lang='lat' dir='ltr'><strong>sed</strong></span> 
     </span>
     <span class='ocr_line' id='line_1_97' title="bbox 2706 4968 3742 5053; baseline -0.001 -19"><span class='ocrx_word' id='word_1_680' title='bbox 2706 4979 2896 5034; x_wconf 89' lang='lat' dir='ltr'><strong>caute</strong></span> <span class='ocrx_word' id='word_1_681' title='bbox 2937 4970 3453 5053; x_wconf 85' lang='lat' dir='ltr'><strong>persequendum</strong></span> <span class='ocrx_word' id='word_1_682' title='bbox 3501 4970 3560 5049; x_wconf 91' lang='lat'><strong>7,</strong></span> <span class='ocrx_word' id='word_1_683' title='bbox 3596 4968 3742 5034; x_wconf 92' lang='lat'>591.</span> 
     </span>
    </p>
   </div>
   <div class='ocr_carea' id='block_1_32' title="bbox 2621 5122 4562 5467">
    <p class='ocr_par' dir='ltr' id='par_1_33' title="bbox 2621 5122 4562 5467">
     <span class='ocr_line' id='line_1_98' title="bbox 2621 5122 4561 5204; baseline 0.002 -15"><span class='ocrx_word' id='word_1_684' title='bbox 2621 5124 3077 5189; x_wconf 87' lang='lat' dir='ltr'><strong>Peccatum</strong></span> <span class='ocrx_word' id='word_1_685' title='bbox 3121 5124 3202 5188; x_wconf 89' lang='lat' dir='ltr'><strong>ab</strong></span> <span class='ocrx_word' id='word_1_686' title='bbox 3248 5124 3503 5189; x_wconf 89' lang='lat' dir='ltr'><strong>Adamo</strong></span> <span class='ocrx_word' id='word_1_687' title='bbox 3550 5126 3608 5204; x_wconf 91' lang='lat'><strong>1,</strong></span> <span class='ocrx_word' id='word_1_688' title='bbox 3653 5124 3755 5188; x_wconf 90' lang='grc'><strong>28.</strong></span> <span class='ocrx_word' id='word_1_689' title='bbox 3801 5122 3947 5188; x_wconf 88' lang='grc'><strong>308.</strong></span> <span class='ocrx_word' id='word_1_690' title='bbox 4057 5123 4116 5201; x_wconf 84' lang='grc'><strong>2,</strong></span> <span class='ocrx_word' id='word_1_691' title='bbox 4166 5125 4309 5192; x_wconf 92' lang='grc'><strong>178.</strong></span> <span class='ocrx_word' id='word_1_692' title='bbox 4401 5127 4561 5192; x_wconf 84' lang='lat' dir='ltr'><strong>divi-</strong></span> 
     </span>
     <span class='ocr_line' id='line_1_99' title="bbox 2707 5206 4562 5288; baseline 0.002 -14"><span class='ocrx_word' id='word_1_693' title='bbox 2707 5209 2803 5274; x_wconf 89' lang='lat' dir='ltr'><strong>sio</strong></span> <span class='ocrx_word' id='word_1_694' title='bbox 2847 5209 3016 5272; x_wconf 89' lang='lat' dir='ltr'><strong>inter</strong></span> <span class='ocrx_word' id='word_1_695' title='bbox 3058 5206 3277 5274; x_wconf 91' lang='lat' dir='ltr'><strong>Deum</strong></span> <span class='ocrx_word' id='word_1_696' title='bbox 3322 5222 3391 5276; x_wconf 86' lang='lat' dir='ltr'><strong>et</strong></span> <span class='ocrx_word' id='word_1_697' title='bbox 3434 5212 3767 5276; x_wconf 89' lang='lat' dir='ltr'><strong>hominem</strong></span> <span class='ocrx_word' id='word_1_698' title='bbox 3814 5208 3872 5288; x_wconf 90' lang='lat'><strong>1,</strong></span> <span class='ocrx_word' id='word_1_699' title='bbox 3911 5209 4055 5274; x_wconf 89' lang='lat'>744.</span> <span class='ocrx_word' id='word_1_700' title='bbox 4145 5211 4205 5288; x_wconf 91' lang='lat'><strong>2,</strong></span> <span class='ocrx_word' id='word_1_701' title='bbox 4251 5211 4397 5277; x_wconf 89' lang='lat'>551.</span> <span class='ocrx_word' id='word_1_702' title='bbox 4485 5210 4562 5276; x_wconf 88' lang='lat' dir='ltr'><strong>ab</strong></span> 
     </span>
     <span class='ocr_line' id='line_1_100' title="bbox 2709 5294 4329 5375; baseline 0.002 -16"><span class='ocrx_word' id='word_1_703' title='bbox 2709 5294 3090 5359; x_wconf 87' lang='lat' dir='ltr'><strong>infirmitate</strong></span> <span class='ocrx_word' id='word_1_704' title='bbox 3147 5294 3642 5363; x_wconf 86' lang='lat' dir='ltr'><strong>discernendum</strong></span> <span class='ocrx_word' id='word_1_705' title='bbox 3704 5295 3759 5372; x_wconf 91' lang='lat'><strong>1,</strong></span> <span class='ocrx_word' id='word_1_706' title='bbox 3819 5295 3965 5362; x_wconf 89' lang='lat'>348.</span> <span class='ocrx_word' id='word_1_707' title='bbox 4076 5296 4138 5375; x_wconf 90' lang='grc'><strong>2,</strong></span> <span class='ocrx_word' id='word_1_708' title='bbox 4183 5298 4329 5363; x_wconf 89' lang='grc'><strong>441.</strong></span> 
     </span>
     <span class='ocr_line' id='line_1_101' title="bbox 2708 5379 4091 5467; baseline 0.001 -21"><span class='ocrx_word' id='word_1_709' title='bbox 2708 5379 3086 5446; x_wconf 89' lang='lat' dir='ltr'><strong>Libertinos</strong></span> <span class='ocrx_word' id='word_1_710' title='bbox 3153 5382 3246 5446; x_wconf 91' lang='lat' dir='ltr'><strong>nil</strong></span> <span class='ocrx_word' id='word_1_711' title='bbox 3314 5384 3440 5449; x_wconf 88' lang='lat' dir='ltr'><strong>nisi</strong></span> <span class='ocrx_word' id='word_1_712' title='bbox 3505 5382 3794 5467; x_wconf 86' lang='lat' dir='ltr'><strong>opinatio</strong></span> <span class='ocrx_word' id='word_1_713' title='bbox 3842 5382 3899 5460; x_wconf 92' lang='lat'><strong>7,</strong></span> <span class='ocrx_word' id='word_1_714' title='bbox 3948 5382 4091 5448; x_wconf 91' lang='lat'>181.</span> 
     </span>
    </p>
   </div>
   <div class='ocr_carea' id='block_1_33' title="bbox 4234 4357 4562 4436">
    <p class='ocr_par' dir='ltr' id='par_1_34' title="bbox 4234 4357 4562 4436">
     <span class='ocr_line' id='line_1_102' title="bbox 4234 4357 4562 4436; baseline 0.003 -16"><span class='ocrx_word' id='word_1_715' title='bbox 4234 4358 4469 4424; x_wconf 81' lang='lat' dir='ltr'><strong>votiva</strong></span> <span class='ocrx_word' id='word_1_716' title='bbox 4510 4357 4562 4436; x_wconf 89' lang='lat'><strong>1,</strong></span> 
     </span>
    </p>
   </div>
   <div class='ocr_carea' id='block_1_34' title="bbox 4224 5318 4559 5468">
    <p class='ocr_par' dir='ltr' id='par_1_35' title="bbox 4224 5318 4559 5468">
     <span class='ocr_line' id='line_1_103' title="bbox 4439 5318 4557 5362; baseline -0.008 0"><span class='ocrx_word' id='word_1_717' title='bbox 4439 5318 4557 5362; x_wconf 85' lang='lat' dir='ltr'><strong>sec.</strong></span> 
     </span>
     <span class='ocr_line' id='line_1_104' title="bbox 4224 5381 4559 5468; baseline -0.009 -18"><span class='ocrx_word' id='word_1_718' title='bbox 4224 5403 4429 5468; x_wconf 87' lang='lat' dir='ltr'><strong>usque</strong></span> <span class='ocrx_word' id='word_1_719' title='bbox 4481 5381 4559 5448; x_wconf 85' lang='lat' dir='ltr'><strong>ad</strong></span> 
     </span>
    </p>
   </div>
   <div class='ocr_carea' id='block_1_35' title="bbox 4755 265 4786 1200">
    <p class='ocr_par' dir='ltr' id='par_1_36' title="bbox 4755 265 4786 1200">
     <span class='ocr_line' id='line_1_105' title="bbox 4755 265 4786 1200; baseline 0 0"><span class='ocrx_word' id='word_1_720' title='bbox 4755 265 4786 1200; x_wconf 95' lang='lat' dir='ltr'><strong> </strong></span> 
     </span>
    </p>
   </div>
   <div class='ocr_carea' id='block_1_36' title="bbox 4788 4045 4797 5000">
    <p class='ocr_par' dir='ltr' id='par_1_37' title="bbox 4788 4045 4797 5000">
     <span class='ocr_line' id='line_1_106' title="bbox 4788 4045 4797 5000; baseline 0 0"><span class='ocrx_word' id='word_1_721' title='bbox 4788 4045 4797 5000; x_wconf 95' lang='lat' dir='ltr'><strong> </strong></span> 
     </span>
    </p>
   </div>
  </div>
 </body>
</html>
