4842 6175
229 450 335 515 161

227 636 433 704 Deus

300 756 586 841 operatio
643 759 713 822 in
771 757 1072 825 fidelibus
1115 779 1236 842 per
1275 757 1391 842 Sp.
1434 780 1485 825 s.
1535 759 1594 835 7,
1642 759 1769 828 190
1809 782 1903 845 sq.
2011 782 2160 845 per-

302 843 490 909 fectio
536 843 870 909 miseriam
913 843 1201 910 hominis
1246 848 1456 928 aperit
1499 846 1560 924 2,
1605 847 1689 913 32
1733 869 1825 930 sq.
1932 859 2162 931 poten·

300 930 388 996 tia
429 951 570 995 non
612 929 911 996 absoluta
952 930 1013 1010 2,
1059 930 1203 996 700.
1294 934 1668 1014 praesentia
1707 931 1963 998 homini
2005 931 2160 998 hor·
2197 918 2208 953 ³

299 1015 503 1081 reuda
563 1016 620 1093 1,
680 1017 826 1082 281.
943 1017 1005 1092 2,
1057 1016 1161 1082 49.
1270 1017 1439 1082 visio
1497 1019 1835 1086 mortifera
1892 1019 1953 1095 9,
2010 1019 2157 1085 665.

300 1100 603 1168 voluntas
647 1102 1095 1168 inscrutabilis
1137 1104 1197 1182 8,
1241 1103 1366 1168 311
1414 1126 1505 1188 sq.

228 1278 300 1289 —
340 1238 562 1304 Deum
607 1259 854 1323 neg-are
897 1239 1098 1323 quid?
1143 1241 1205 1320 2,
1250 1241 1353 1307 39.

228 1415 302 1426 -
341 1378 454 1443 Dii
501 1377 696 1443 alieni
742 1377 898 1461 qui?
946 1377 1007 1452 5,
1051 1379 1197 1445 327.

227 1515 583 1581 Dextera
629 1517 836 1598 patris
882 1517 942 1595 1,
985 1515 1131 1582 533.
1239 1517 1301 1596 2,
1344 1516 1490 1583 382.
1599 1516 1659 1595 6,
1703 1515 1806 1584 35.

227 1651 627 1717 Diabolus
685 1661 1023 1719 accusator
1082 1655 1140 1727 1,
1198 1654 1341 1721 748.
1463 1653 1591 1719 Dei
1646 1655 2161 1721 instrumentum

305 1738 358 1815 1,
380 1738 486 1804 60.
561 1738 619 1806 7,
648 1738 771 1805 188
806 1760 890 1805 ss.
986 1742 1198 1806 malus
1242 1742 1607 1807 necessarie
1649 1740 1764 1807 sed
1808 1762 1938 1806 non
1981 1761 2163 1808 coac·

303 1836 408 1889 tus
450 1826 507 1896 1.
552 1824 699 1891 339.
793 1825 852 1902 2,
877 1825 1022 1890 214.
1092 1826 1244 1910 quid
1281 1826 1693 1893 Libertinis?
1735 1827 1793 1906 7,
1832 1828 1975 1893 181.
2014 1828 2162 1894 228.

304 1910 423 1976 sub
459 1909 835 1977 Pharaonis
876 1914 1092 1996 figura
1138 1913 1194 1985 1,
1239 1913 1341 1979 32.
1415 1911 1503 1999 (v.
1549 1932 1809 1998 quoque
1852 1912 2162 2000 Satan).

231 2084 303 2096 —
337 2046 598 2115 Diaboli
645 2059 883 2115 natura
927 2070 1089 2116 uum
1133 2051 1549 2118 necessaria?
1595 2054 1656 2123 6.
1700 2052 1829 2117 333
1872 2073 1966 2136 sq.

231 2219 304 2230 —
342 2185 608 2252 Diaboli
653 2208 888 2254 revera
930 2189 1323 2255 exsistentes
1370 2189 1428 2266 1,
1464 2189 1610 2256 507.
1697 2190 1758 2269 2,
1807 2190 1950 2256 130.
2039 2211 2167 2275 quo

303 2293 496 2338 sensu
534 2273 677 2338 Deo
711 2273 1032 2341 subiecti?
1066 2275 1126 2353 6,
1165 2275 1265 2341 17.
1355 2276 1509 2359 quid
1555 2275 1917 2342 secundum
1953 2275 2025 2342 S.
2063 2275 2164 2343 Β]

307 2359 363 2433 7,
408 2359 554 2426 181.
642 2381 807 2424 num
851 2361 1065 2445 magis
1107 2360 1446 2427 serviant?
1495 2363 1554 2441 7,
1598 2361 1744 2429 538.

233 2527 306 2541 -
347 2494 778 2560 Diabolorum
816 2517 1130 2562 numerus
1178 2498 1237 2570 1.
1279 2498 1426 2565 503.
1532 2498 1594 2575 2,
1641 2498 1764 2564 127
1771 2551 1784 2566 .
1871 2520 2013 2566 sors
2056 2521 2166 2566 ea-

308 2580 452 2645 dem
497 2601 573 2647 ac
616 2581 980 2647 infidelium
1029 2583 1087 2663 7,
1136 2583 1278 2651 123.

235 2715 594 2784 Diaconi
650 2719 708 2798 1,
769 2720 890 2786 191
937 2743 988 2786 s.
1048 2720 1195 2787 567.
1302 2722 1363 2799 2,
1410 2722 1554 2789 783.
1661 2723 1908 2789 veteris
1963 2721 2167 2789 eccle-

307 2804 439 2869 siae
485 2804 544 2878 1.
588 2805 734 2872 574.
840 2807 906 2890 2,
951 2806 1096 2873 790.
1204 2808 1513 2875 ecclesiae
1559 2828 1872 2875 romanae
1919 2808 1976 2883 1,
2017 2808 2165 2876 591.

307 2890 366 2968 2,
410 2891 557 2958 808.
601 2913 831 2958 eorum
874 2892 1088 2959 officia
1132 2893 1193 2971 5,
1235 2895 1384 2961 604.
1494 2895 1595 2971 10,
1639 2895 1743 2960 23.
1792 2894 1937 2960 101.

235 3064 305 3078 -
348 3028 729 3098 diaconatus
775 3030 832 3110 1,
880 3029 1066 3099 1095.
1169 3032 1233 3112 2,
1278 3033 1465 3101 1082.
1514 3034 1700 3102 1088.

238 3199 309 3211 ——
351 3164 748 3233 diaconissae
794 3168 851 3249 1,
890 3166 1039 3234 451.

236 3301 424 3368 Dies
478 3325 825 3387 supremus
883 3304 939 3380 1,
1011 3305 1112 3371 71.
1227 3305 1552 3373 dominica
1592 3329 1654 3373 v.
1704 3306 2168 3375 Dominica.

311 3387 583 3456 Dierum
627 3391 994 3458 observatio
1030 3412 1069 3455 a
1112 3391 1508 3459 Christianis
1553 3392 1768 3458 aliena
1818 3393 1876 3476 5,
1912 3394 2061 3462 329.

234 3522 752 3681 Βέΐὶἕέἔῃιίει
795 3526 1057 3595 Veteris
1116 3536 1182 3594 et
1224 3528 1397 3595 Novi
1436 3530 1840 3596 Testamenti
1908 3531 1966 3611 1,
2021 3531 2168 3597 818.

231 3745 623 3834 Dignitas
706 3752 992 3817 hominis
1060 3774 1143 3817 ex
1214 3759 1435 3817 mento
1500 3751 2039 3838 philosophorum
2110 3753 2170 3833 1,

312 3837 449 3903 305.
543 3837 674 3903 fide
709 3847 778 3904 et
810 3839 1082 3905 caritate
1125 3847 1382 3904 constat
1420 3839 1476 3912 1,
1503 3838 1646 3906 129.
1756 3839 1829 3904 in
1865 3839 2170 3907 ministro

310 3922 608 4007 baptismi
646 3946 781 3990 non
818 3924 1225 4008 respicienda
1261 3925 1318 4004 1,
1364 3924 1505 3990 115.

238 4073 656 4145 Diluvium
697 4099 828 4144 non
864 4078 1147 4162 amplius
1191 4079 1552 4144 timendum
1594 4080 1650 4160 1,
1689 4078 1835 4147 951.

237 4228 690 4320 Dionysius
733 4234 1228 4299 Alexandrinus
1265 4233 1324 4312 7,
1360 4233 1506 4302 656.
1612 4234 1674 4310 9,
1710 4234 1859 4301 497.

241 4384 686 4472 Dionysius
730 4389 1134 4473 Areopagita
1176 4388 1411 4454 dubius
1454 4390 1731 4471 scriptor
1776 4389 1833 4467 7,
1858 4389 2005 4455 656.
2086 4389 2168 4456 de

314 4477 604 4557 precibus
640 4497 759 4558 pro
794 4476 1068 4541 mortuis
1101 4475 1253 4540 ibid.
1314 4474 1456 4539 eius
1489 4474 1881 4541 Hierarchia
1928 4474 2166 4543 coeles-

317 4561 395 4624 tis
437 4561 492 4639 1,
534 4562 681 4627 497.
796 4563 860 4640 2,
928 4561 1069 4626 120.
1187 4562 1245 4639 7,
1311 4560 1457 4627 581.
1526 4560 1672 4626 584.
1733 4560 2047 4644 reliquiae
2104 4561 2166 4639 6,

316 4645 453 4796 4414.
562 4647 867 4713 laudatur
908 4654 1210 4733 praetera
1246 4646 1389 4727 lOb,
1424 4647 1570 4714 389.
1689 4648 1791 4726 11,
1824 4648 1968 4714 786.
2065 4646 2168 4729 12,

246 4863 687 4956 Dionysius
724 4869 1108 4936 Corinthius
1154 4870 1214 4949 7,
1249 4869 1395 4936 656.

245 5001 682 5159 Diggicggssus
730 5008 1104 5091 Ephesinae
1161 5006 1392 5092 synodi
1432 5026 1692 5090 praeses
1747 5007 1804 5085 1,
1841 5005 1988 5071 607.
2103 5005 2165 5086 2,

248 5222 611 5310 Diploma
645 5230 860 5298 simile
902 5229 1292 5297 sacramenti
1331 5231 1388 5307 1,
1438 5229 1578 5294 102.

249 5359 730 5435 Discernere
765 5389 1003 5452 corpus
1040 5367 1292 5434 Christi
1333 5365 1640 5451 quid?·l,
1680 5366 1824 5434 127.

433 5468 859 5542 mima.
938 5469 1052 5527 701.
1090 5468 1304 5526 xxn.

1429 449 1731 517 INDEX
1774 449 2441 518 THEOLOGIOUS
2486 450 2995 521 DEU—DOM.

4096 453 4222 521 162

2265 640 2758 727 Disciplina
2813 643 3245 710 ecclesiastica
3319 644 3376 721 1,
3435 642 3565 710 550
3619 665 3712 727 sq.
3770 642 3900 710 658
3963 663 4048 710 ss.
4154 642 4219 724 2,

2350 727 2480 795 905
2529 751 2612 796 ss.
2727 727 2789 807 5,
2839 728 2986 796 557.
3093 729 3590 797 commendatur
3639 731 3739 809 10,
3775 730 3820 796 9
3857 750 3952 812 sq.
4072 729 4222 809 lOb,

2353 816 2498 882 191.
2606 815 2818 899 qualis
2854 837 2895 882 a
2928 815 3195 882 Christo
3244 817 3547 881 instituta
3599 817 3658 894 1,
3701 816 3848 883 659.
3956 815 4017 891 2,
4068 815 4219 882 906.

2348 903 2596 968 veteris
2632 901 2941 968 ecclesiae
2979 903 3036 981 1,
3068 902 3214 967 662.
3312 903 3373 979 2,
3410 901 3558 968 909.
3650 904 3928 969 ascetica
3964 902 4025 978 1,
4070 902 4217 968 666.

2349 987 2496 1053 692.
2549 989 2609 1066 2,
2647 987 2793 1053 913.
2900 1008 2939 1053 a
2988 988 3353 1053 senioribus
3414 988 3777 1055 exercenda
3813 989 3869 1065 1,
3908 988 4055 1054 662.
4161 987 4224 1069 2,

2347 1073 2495 1140 909.
2601 1074 2663 1149 6,
2701 1074 2846 1139 133.
2959 1094 3093 1138 non
3131 1095 3171 1137 a
3204 1081 3467 1156 pastore
3500 1074 3654 1139 solo.
3700 1074 3762 1150 5,
3798 1073 3944 1140 624.
4031 1073 4221 1140 oleri-

2347 1181 2578 1225 corum
2623 1159 2679 1240 1,
2726 1160 2874 1226 671.
2986 1160 3048 1237 2,
3100 1159 3285 1225 919.-
3351 1158 3412 1235 5,
3470 1160 3618 1227 639.
3723 1160 3785 1238 6,
3843 1160 3990 1226 512.
4115 1159 4219 1238 12,

2349 1246 2439 1311 34
2506 1268 2598 1328 sq.
2740 1246 3175 1311 studiosorum
3246 1246 3306 1325 5,
3377 1246 3523 1312 626.
3675 1267 3931 1312 morum
3999 1245 4220 1330 populi

2350 1331 2412 1411 5,
2459 1330 2605 1397 561.
2708 1333 2776 1412 6,
2816 1333 2944 1398 514
2992 1352 3076 1398 se.
3202 1334 3495 1398 severius
3546 1331 3911 1399 exercenda
3957 1330 4019 1410 5,
4069 1330 4216 1397 623.

2353 1418 2454 1497 12,
2494 1418 2622 1484 532
2665 1438 2759 1502 sq.
2873 1420 2944 1484 in
2977 1426 3226 1503 papatu
3259 1418 3445 1484 nulla
3488 1418 3550 1496 5,
3584 1417 3714 1484 406
3748 1439 3841 1502 sq.
3934 1416 4221 1484 vestium

2350 1504 2479 1657 ἐξῆ
2492 1503 2658 1656 53Ιᾷ
2745 1503 2958 1588 quoad
2993 1524 3261 1570 coenam
3307 1503 3368 1581 6,
3418 1504 3562 1570 133.
3647 1502 4017 1571 necessaria
4061 1500 4219 1583 lOb,

2266 1763 2352 1774 -
2393 1727 2818 1806 Αητθοωηιὶ
2855 1724 3249 1792 stabilienda
3287 1725 3390 1805 11,
3420 1725 3524 1790 41.
3619 1724 3793 1808 apud
3826 1726 4226 1792 Basilienses

2357 1813 2458 1891 14,
2500 1812 2645 1878 711.
2778 1810 2952 1894 apud
2988 1811 3357 1887 Beruenses
3411 1811 3509 1887 11,
3548 1811 3694 1877 671.
3820 1812 3921 1887 14,
3959 1812 4090 1878 540
4122 1832 4219 1894 sq·

2353 1897 2532 1984 (vide
2565 1917 2816 1981 quoque
2858 1897 3180 1962 Berua.
3283 1898 3455 1978 apud
3504 1896 3933 1963 Genevenses
3979 1898 4084 1979 10,
4114 1897 4227 1965 27.

2356 1985 2461 2050 55.
2500 1985 2603 2051 96.
2644 1985 2788 2050 117.
2894 1984 2995 2059 14,
3032 1982 3114 2048 67
3164 2033 3178 2048 .
3216 1983 3362 2050 678.
3409 1983 3555 2049 696.
3666 1985 3766 2055 18,
3805 1982 3951 2051 235.
4047 1983 4226 2067 apud

2356 2073 2865 2137 Lausannenses
2922 2069 3024 2149 11,
3073 2069 3220 2136 497.
3259 2069 3405 2136 510.
3460 2069 3606 2136 563.
3667 2069 3795 2135 659
3839 2091 3935 2153 sq.
4040 2067 4225 2157 (vide

2354 2178 2485 2240 quo
2531 2178 2613 2222 ue
2657 2154 3149 2242 Lausanna).
3237 2154 3411 2239 apud
3450 2154 3895 2221 Londinenses
3934 2156 4035 2233 14,
4074 2154 4223 2223 554.

2513 2242 3220 2396 ...5.Μῶ
3272 2240 3417 2393 555
3470 2240 3615 2392 5.
3839 2242 4226 2395 5....

2447 2381 2458 2400 .
2645 2380 2658 2394 .
2850 2379 2863 2394 .
2978 2349 3016 2392 a
3131 2349 3170 2392 a
3216 2349 3359 2394 ensi
3404 2349 3482 2393 us
3576 2351 3614 2393 a
3705 2349 3753 2393 a
4009 2380 4022 2394 .
4206 2378 4222 2394 .

2356 2438 2397 2479 a
2431 2415 2664 2481 Vireto
2718 2416 2816 2491 11,
2856 2413 2959 2480 20.
3075 2433 3116 2479 a
3164 2348 3696 2480 reformatoribgls
3744 2435 3875 2479 non
3924 2414 4229 2499 neglecta

2355 2500 2624 2652 3331512.
2741 2500 2822 2567 de
2886 2521 2965 2566 ea
3028 2519 3177 2565 cum
3235 2499 3749 2567 Melanchthone
3807 2500 4027 2586 agitur
4077 2500 4224 2580 lOb,

2269 2700 2829 2809 Dispensatio
2871 2724 2933 2801 9,
2969 2722 3116 2788 637.
3153 2722 3535 2788 meritorum
3570 2721 3821 2788 Christi
3861 2721 3918 2799 1,
3961 2721 4103 2788 165.

2271 2858 2885 2927 Dissensiones
2918 2860 2992 2924 in
3030 2858 3306 2926 ecclesia
3338 2858 3659 2926 catholica
3693 2859 3754 2938 8,
3791 2857 3894 2926 57.

2271 3014 2748 3083 Discidium
2784 3013 3002 3080 carnis
3036 3021 3103 3079 et
3138 3012 3407 3096 spiritus
3458 3013 3517 3097 1,
3553 3012 3701 3080 347.
3810 3011 4082 3081 dissidia
4123 3013 4227 3081 fu·

2359 3102 2602 3188 gienda
2637 3102 2695 3181 1,
2732 3100 2878 3167 545.
2993 3100 3055 3180 2,
3094 3099 3239 3178 756.

2274 3242 2479 3308 Divi
2501 3240 2730 3305 nitas
2796 3237 3049 3305 Christi
3119 3235 3507 3304 delitescens
3574 3237 3635 3317 6,
3691 3238 3794 3303 31.
3861 3236 4231 3305 divinitatis

2358 3348 2593 3393 sensus
2625 3326 2833 3391 menti
2866 3322 3107 3390 insitus
3149 3323 3208 3403 1,
3245 3324 3392 3390 282.
3506 3324 3569 3401 2,
3604 3323 3689 3389 36
3733 3345 3828 3408 sq.

2270 3462 2795 3530 Divitiarum
2829 3467 3049 3526 rectus
3082 3478 3248 3525 usus
3282 3460 3343 3539 7,
3380 3457 3527 3524 215.
3566 3458 3712 3525 219.

2270 3614 2762 3690 Diyortium
2801 3615 3195 3698 permissum
3231 3634 3365 3680 non
3399 3613 3746 3699 probatum
3781 3614 3842 3691 9,
3878 3614 4025 3682 297.
4097 3637 4228 3700 quo

2357 3712 2548 3785 pacto
2582 3699 2880 3766 licitum?
2921 3700 3023 3780 10,
3061 3700 3164 3767 40.
3205 3701 3349 3766 110.
3440 3702 3513 3765 in
3547 3700 4009 3767 constitutione
4044 3700 4230 3768 Inte-

2356 3789 2485 3852 rim
2523 3787 2581 3866 7,
2616 3786 2763 3852 572.
2867 3785 3141 3854 consilia
3173 3786 3255 3853 de
3291 3785 3572 3853 divortio
3617 3785 3720 3864 14,
3757 3785 3903 3852 318.
3949 3808 4034 3855 ss.
4077 3788 4226 3857 325.

2353 3874 2502 3939 340.
2608 3872 2884 3940 divortio
2920 3872 3238 3954 separatis
3274 3893 3402 3956 quo
3440 3879 3626 3955 pacto
3661 3872 4036 3954 coniugium
4071 3896 4224 3959 per-

2358 3958 2748 4025 mittendum
2790 3958 2890 4039 10,
2935 3958 3081 4025 232.
3117 3958 3188 4025 cf
3221 3978 3477 4042 quoque
3519 3957 3622 4037 20,
3667 3957 3814 4024 560.
3852 3957 4000 4025 562.

2267 4115 2731 4182 Doctorum
2767 4119 2835 4177 et
2878 4119 3211 4195 pastorum
3253 4111 3601 4178 discrimen
3641 4112 3699 4192 1,
3737 4113 3883 4179 564.
3975 4113 4038 4193 2,
4077 4116 4225 4183 780.

2356 4200 2517 4266 ordo
2552 4202 2619 4265 in
2657 4197 2929 4264 ecclesia
2967 4199 3067 4275 10,
3106 4197 3250 4263 100.

2272 4374 2347 4386 --
2389 4335 2785 4404 doctioribus
2825 4332 3027 4401 fidere
3064 4354 3235 4400 vana
3266 4336 3712 4417 praesumptio
3749 4334 3808 4413 5,
3845 4334 3975 4401 405
4011 4357 4106 4420 sq.

2268 4473 2689 4540 Doctrina
2724 4471 3107 4556 evangelica
3142 4470 3413 4538 minime
3449 4492 3619 4537 nova
3656 4472 3713 4551 1,
3755 4470 3838 4538 15
3860 4451 3944 4539 ss.
3983 4474 4111 4540 263
4134 4495 4220 4542 ss.

2353 4561 2414 4639 2,
2455 4561 2538 4625 14
2573 4582 2656 4626 ss.
2763 4579 2803 4624 a
2836 4557 3134 4641 patribus
3170 4556 3619 4623 commendata
3658 4558 3714 4638 1,
3756 4559 3838 4623 16
3874 4581 3966 4646 sq.
4005 4561 4133 4627 266
4170 4584 4220 4628 s.

2354 4647 2414 4724 2,
2465 4646 2542 4710 17
2582 4668 2632 4730 ε,
2728 4644 2871 4709 eius
2904 4644 3053 4709 fons
3086 4653 3153 4708 et
3187 4642 3688 4710 fundamentum
3727 4645 3782 4724 1,
3828 4643 3933 4711 51.
3971 4647 4098 4714 628
4122 4668 4218 4732 sq.

2266 4782 2678 4876 Dogmata
2711 4802 2884 4848 nova
2926 4801 3058 4847 non
3093 4778 3431 4847 condenda
3468 4780 3526 4860 1,
3563 4781 3709 4847 209.

2265 4918 2465 4985 Dom
2487 4918 2743 4984 estici
2777 4916 2929 4981 fidei
2968 4917 3026 4995 1,
3064 4916 3168 4981 92.
3206 4915 3351 4981 926.
3389 4916 3461 4980 in
3497 4915 3816 5001 religione
3850 4919 4221 4986 instruendi

2351 5007 2412 5083 6,
2458 5003 2605 5070 556.
2714 5004 2924 5069 exteri
2960 5024 3047 5068 an
3094 5001 3178 5067 ad
3230 5022 3499 5067 coenam
3549 5003 3921 5071 accersendi
3973 5006 4074 5083 14,
4109 5005 4215 5074 59.

2263 5141 2711 5208 Dominica
2746 5139 2882 5205 dies
2917 5159 3001 5205 an
3038 5137 3413 5225 abroganda
3466 5138 3568 5220 14,
3609 5139 3642 5203 1
3683 5161 3766 5207 ss.
3890 5142 3959 5210 cf
4001 5141 4059 5222 1,
4109 5142 4219 5212 37.

2348 5228 2498 5293 404.
2542 5228 2605 5306 2,
2643 5226 2791 5293 290.

2264 5362 2757 5430 Dominicus
2792 5362 2864 5429 S.
2911 5361 3201 5430 carnifex
3241 5363 3297 5442 7,
3342 5359 3488 5426 655.
3708 5461 3776 5517 u
